2238 2735
152 1516 198 1542 40.

155 2094 200 2119 11.

154 2131 199 2158 32.

158 2361 201 2388 13.

230 169 265 197 G.
290 171 324 198 16
347 168 487 198 connexis
509 173 537 198 ct
559 169 797 198 cohaerentibus.

230 208 266 235 H.
289 210 315 237 2.
339 210 374 237 95
397 217 501 236 caesae
523 225 559 228 —
583 214 800 244 cremataequc.
831 207 868 236 H.
890 209 918 243 4,
940 208 975 235 72
999 206 1076 235 clau-

268 256 317 275 sas
339 255 511 283 caesasque.

229 284 264 312 A.
288 288 332 314 1μῖ
355 285 432 313 5112
456 286 552 321 captis
575 286 717 313 (aes-isse.

229 324 263 351 A.
286 326 312 353 3.
335 323 412 352 505⁸.
441 329 528 360 capto
560 324 772 359 cxlnrimento,
800 321 979 359 compressis
1002 320 1077 350 sedi-

266 362 406 396 tionibus,
430 362 601 398 compositis
624 362 709 389 billis
731 378 768 381 —-
790 361 949 389 consulem.

228 399 264 427 H.
286 403 313 436 5,
335 402 353 429 3
374 401 415 429 sic
438 401 635 436 conquisitum
657 400 881 435 conlectumque
902 399 1019 435 vulgus.

227 438 264 465 11.
287 441 313 473 3,
337 441 372 467 54
396 439 553 466 confidenti
577 438 826 474 consultantique.

227 476 264 504 H.
287 479 314 506 2,
335 480 370 506 21
393 477 412 505 f.
436 477 625 505 celebrantes
648 477 851 513 culpantesve.

228 514 263 543 G.
288 519 319 543 11
345 519 515 551 computant
538 532 575 535 —-
597 515 781 544 constituunt
802 532 840 535 —
862 514 1030 543 condicunt.

228 552 262 581 G.
285 556 321 582 45
352 554 429 589 cingi
452 553 600 590 cludique.
642 554 678 582 11.
704 557 729 590 1,
750 555 786 582 47
809 552 829 581 f.
861 552 985 581 concedi
1016 560 1077 579 cor-

268 601 339 628 pora
363 601 555 628 cremarique.

226 629 261 658 A.
286 634 328 664 ll,
353 632 387 659 16
409 640 446 658 111.
469 631 624 666 celebrari,
646 630 712 659 coli.

266 669 523 705 celebranturque.

225 707 262 734 H.
285 709 311 742 3,
334 709 371 735 20
393 707 599 743 consultando,
623 708 822 736 cunctatione.

228 746 264 773 H.
289 749 314 781 1,
336 748 372 774 55
395 749 579 782 cunctanter,
602 755 670 774 mox
692 754 846 774 consensu.

226 784 263 812 H.
286 786 312 820 3,
335 786 372 813 50·
392 784 411 812 1'.
434 784 529 820 primo
551 788 862 820 cunctanter,——1nox
877 783 1078 820 contemptim.

742 630 778 659 A.
802 632 847 666 15,
869 631 906 659 44
928 628 1079 658 confluunt

229 861 265 889 A.
287 863 314 893 2.
336 863 375 889 40
395 862 572 891 clandestini
594 868 695 891 coctus
718 862 920 891 celebrabant.

225 900 260 929 A.
284 902 329 933 15,
350 902 388 929 4⁴1
417 901 574 930 continuae
604 901 764 929 violentiae
791 909 913 937 campus
943 902 973 928 et
997 900 1080 928 velut

266 947 392 966 vacuum
415 940 538 967 caelum.

226 976 263 1004 H.
288 979 313 1010 1.
329 979 364 1005 52
381 978 563 1010 consulatus,
574 987 738 1011 censuram,
755 977 919 1012 conlegium
932 976 1079 1005 Caesaris.

229 1014 266 1042 Π.
289 1017 315 1051 2,
339 1018 373 1044 91
406 1017 523 1044 comitia
548 1018 699 1045 consulum
723 1025 787 1045 culn
810 1016 979 1044 candidatis
1010 1015 1079 1043 civi-

267 1053 335 1081 liter
357 1054 520 1083 celebrans.

225 1092 261 1120 A.
283 1094 310 1135 4,
333 1094 368 1120 27
392 1093 610 1121 classiariorum
623 1094 709 1130 eopia
721 1096 909 1130 coeptantem
921 1101 1009 1129 quum
1019 1100 1079 1119 ma-

266 1139 343 1158 xime
366 1131 607 1160 coniurationem.

227 1168 264 1196 H.
286 1170 313 1197 2.
336 1172 352 1197 e*
375 1170 638 1207 credentibusque:
661 1176 825 1198 ceterorum
842 1178 928 1198 casus
943 1171 1079 1197 conatus-

267 1215 324 1243 que
346 1207 374 1234 in
397 1212 538 1236 contextu
561 1218 586 1236 o.
610 1209 750 1237 dicemus.

228 1245 265 1272 H.
287 1246 314 1275 2,
336 1247 373 1273 42
396 1248 527 1275 eominus
549 1248 721 1284 eminusque
747 1247 876 1275 catervis
906 1249 957 1275 aut
979 1245 1080 1273 cuneis

267 1285 484 1313 concurrebant
506 1303 543 1305 —
565 1287 682 1314 conlato
713 1286 817 1322 gradu,
848 1285 1022 1322 corporibus
1043 1300 1079 1304 —

267 1322 374 1351 ceteris
397 1323 550 1360 conspicui
572 1307 737 1352 certabant.

228 1359 264 1388 H.
287 1362 314 1389 3.
336 1363 373 1389 29
401 1362 578 1398 conspicuus
604 1379 642 1382 —
672 1366 760 1399 capta
788 1364 887 1390 castra
915 1361 1079 1389 conclama

267 1398 443 1428 xit:cete1i
464 1417 501 1420 —
523 1401 802 1437 piaecipitantibus,
824 1408 994 1436 perrupere.

230 1513 473 1543 Dissensionibus
503 1519 532 1544 et
563 1516 729 1544 discordiis.
774 1517 808 1544 18
830 1514 960 1544 deterius
981 1531 1016 1534 -—
1040 1512 1080 1541 di-

269 1562 397 1581 xeisum.

228 1591 285 1627 Ag.
307 1594 344 1620 32
366 1592 602 1621 dissensionibus.
623 1602 658 1621 ac
681 1592 848 1620 discordIis.

230 1630 266 1657 H.
289 1632 316 1664 3
339 1632 375 1658 66
398 1631 555 1659 discrimen
576 1640 612 1659 ac
634 1631 771 1659 dedecus.
798 1631 834 1659 H.
859 1633 883 1666 1,
906 1628 1080 1658 7111011116-

272 1651 348 1696 liciis
377 1678 472 1705 neque
496 1669 609 1697 desidia
629 1687 667 1690 -
686 1669 734 1697 dil
729 1673 796 1698 itae
820 1670 1001 1705 voluptates,
1025 1668 1081 1695 dis—

268 1707 353 1735 51111111
356 1711 406 1735 iti
429 1708 554 1735 luxuria.

230 1747 265 1774 A.
289 1747 315 1779 6
337 1747 372 1774 32
395 1746 631 1774 dissimulatione
652 1755 688 1775 ac
710 1746 805 1775 donis.

231 1785 266 1814 G.
291 1785 325 1812 16
349 1784 469 1813 disereti
491 1794 526 1813 ac
548 1785 667 1813 diversi.
710 1786 746 1813 H.
769 1787 796 1821 3,
819 1786 854 1814 15
877 1783 1030 1813 discordes
1046 1800 1082 1803 —

269 1822 424 1851 discretos.

230 1862 268 1890 H.
289 1862 316 1896 3,
338 1863 375 1889 53
401 1861 554 1890 discordes
581 1861 802 1898 dispersasque.
837 1862 872 1890 A.
887 1863 914 1897 2,
930 1863 967 1890 43
987 1860 1082 1889 divisa

270 1902 298 1927 et
321 1899 444 1928 discors.

230 1938 266 1966 A.
290 1939 334 1973 15,
358 1940 393 1967 10
413 1947 450 1966 m.
474 1939 502 1966 in
525 1938 643 1967 diversa
665 1947 701 1966 ac
723 1938 879 1967 deteriora.

229 2053 359 2082 Excudit
380 2057 409 2082 et
431 2054 616 2082 elucubravit
636 2071 675 2074 —
695 2054 851 2083 elaborare
879 2057 908 2083 et
931 2053 1057 2083 efficere.

231 2093 349 2120 efficere
371 2096 400 2121 et
421 2102 447 2120 a.
470 2093 550 2121 eniti.
591 2096 629 2121 30
650 2092 780 2121 exundat
804 2096 834 2121 et
856 2092 1010 2122 exuberat.

231 2130 340 2159 eminet
361 2135 390 2159 et
412 2131 540 2159 excellit.

231 2169 268 2197 H.
290 2171 317 2205 3,
339 2172 365 2198 2.
390 2171 424 2199 19
455 2170 571 2206 equites
593 2178 754 2206 equosque.

271 2216 432 2246 equosque.

231 2246 268 2274 H.
291 2247 317 2284 5,
339 2250 377 2276 24
397 2247 530 2276 exsulem
552 2256 617 2275 eum
639 2249 670 2275 et
691 2249 848 2275 extorrem.

796 2170 832 2198 A.
854 2171 881 2207 2,
903 2171 920 2199 5
951 2169 1079 2206 equitem

600 2324 640 2349 F.

232 2360 340 2391 Forum
362 2363 539 2401 famamque.
579 2364 625 2391 37.
655 2363 692 2391 de
712 2362 791 2391 furto
821 2366 872 2392 aut
902 2363 1029 2394 formula
1056 2368 1085 2393 et

272 2401 438 2430 interdicto.

237 2439 293 2474 Ag.
315 2442 351 2467 42
374 2441 482 2469 famam
504 2441 665 2477 fatumque.

272 2481 300 2505 et
322 2478 407 2506 favor
427 2479 560 2507 militum.

233 2516 289 2551 Ag.
311 2517 347 2544 46
370 2516 491 2545 formam
504 2519 625 2554 [Mul-ct,
649 2516 742 2547 Codd.
754 2517 874 2554 famam)
890 2517 1083 2555 figuramque.

706 2439 763 2476 Ag.
780 2441 816 2469 39
838 2441 966 2477 impetus
987 2441 1084 2470 famae

1209 167 1245 196 A.
1270 169 1314 203 14,
1338 171 1352 197 1
1375 177 1412 196 in.
1435 168 1558 197 formam
1586 185 1622 189 —
1653 167 1881 197 fecundidatem.
1922 169 1957 198 A.
1979 171 2008 206 2,
2028 170 2064 199 53

1248 206 1268 234 f.
1291 207 1474 236 fecunditate
1495 216 1530 235 ac
1553 207 1640 235 fama.

1210 244 1247 273 H.
1272 247 1297 281 1,
1319 247 1364 273 30.
1387 247 1414 278 4,
1436 248 1473 275 58
1504 245 1578 274 fides
1613 245 1760 282 famaque.

1250 282 1367 312 fortuna
1391 284 1537 321 famaque.

1210 321 1247 349 H.
1270 324 1297 353 3.
1321 325 1333 350 1
1358 322 1420 350 fato
1443 323 1568 359 fideque.
1591 323 1628 351 H.
1650 324 1677 359 4,
1700 324 1735 351 67
1757 322 1863 359 fasque
1885 326 1914 351 et
1934 321 2064 351 foedera.

1211 360 1247 388 A.
1272 362 1316 393 13,
1340 363 1375 389 15
1397 361 1416 388 f.
1448 370 1545 397 neque
1576 361 1622 390 fas
1647 370 1744 398 neque
1774 361 1872 390 tidem.
1921 361 1957 389 A.
1978 362 2006 397 4,
2028 362 2065 390 38

1249 398 1330 426 facta
1351 402 1442 436 atque
1463 400 1581 427 famam.

1210 436 1247 464 H.
1270 438 1297 470 4,
1321 439 1357 466 59
1379 437 1398 466 f.
1421 438 1528 466 famem
1550 438 1727 475 ferrumque.

1251 475 1397 512 fameque.

1210 513 1247 541 H.
1271 516 1297 550 3,
1320 516 1356 543 73
1377 515 1412 542 Α.
1427 517 1452 551 1,
1466 516 1501 543 51
1524 514 1602 543 ferro
1624 515 1819 552 flammisque.
1842 515 1878 543 H.
1901 516 1928 551 4,
1951 515 1986 543 76
2008 514 2064 543 for-

1251 552 1402 587 midinem,
1424 553 1525 590 fugam
1548 553 1725 590 famemque.
1752 554 1789 582 H.
1806 555 1833 589 3,
1849 555 1885 582 73
1906 553 2008 590 fugam
2029 561 2065 581 ac

1249 590 1372 619 fallendi
1394 595 1483 619 artes.

1211 628 1246 657 G.
1267 631 1305 657 45
1327 639 1411 658 rarus
1426 629 1505 665 ferri,
1527 629 1667 667 frequens
1678 630 1798 659 fustium
1809 639 1896 659 usus:
1917 629 2064 659 frumenta

1250 672 1425 704 ceterosque
1446 668 1570 697 fructus.

1211 705 1267 742 Ag.
1291 708 1327 735 33
1349 707 1469 735 flumina
1491 707 1663 745 fatigarent,
1685 708 1838 736 fortissimi
1859 725 1905 736 —.

1211 745 1248 772 H.
1271 748 1298 780 2,
1319 746 1356 773 46
1378 745 1526 773 fortunam
1548 746 1645 774 furore
1669 763 1704 766 —-
1725 746 1904 782 flagrabant.

1214 783 1250 811 A.
1272 785 1299 819 4,
1321 785 1357 812 65
1387 783 1527 820 frequens
1553 784 1767 821 fecundusque.
1805 785 1841 812 Η.
1863 786 1890 821 2,
1912 785 1950 813 50
1980 784 2062 813 fabu-

1249 823 1314 850 losa
1336 825 1365 850 et
1386 822 1462 850 fictis
1484 823 1543 850 obl.
1584 823 1621 850 H.
1643 825 1669 859 3,
1692 825 1729 851 54
1759 822 1884 859 fingeret
1921 822 2064 860 falsisque

1250 861 1326 896 ingr.
1366 861 1402 889 A.
1429 863 1455 897 3,
1481 862 1518 889 50
1547 860 1663 897 flagitia
1693 864 1723 890 et
1751 861 1893 890 facinora.
1933 862 1969 890 A.
1995 863 2022 897 6,
2045 862 2062 889 ss

1249 899 1382 927 facinora
1404 903 1494 936 atque
1516 899 1639 935 flagitia.

1211 938 1246 967 A.
1270 940 1314 974 14,
1337 939 1373 966 62
1404 937 1548 966 facilitate
1574 947 1617 974 pr.
1644 938 1824 975 flagitiorum
1845 954 1883 958 —
1903 937 1989 974 fingit
2021 937 2062 966 fa-

1249 979 1396 1012 teturque.
1427 977 1463 1005 A.
1476 978 1520 1013 16,
1532 978 1567 1005 32
1589 977 1608 1005 f.
1630 977 1789 1006 fraudibus
1808 993 1846 997 -—
1869 979 1921 1005 aut
1942 976 2065 1013 flagitiis

1251 1032 1289 1036 —-
1311 1014 1404 1044 falsos
1425 1032 1462 1036 ——
1485 1018 1515 1044 et
1535 1015 1669 1044 fallaces.

1801 246 1838 274 H.
1860 247 1887 282 3,
1909 247 1955 275 52.
1977 247 2004 282 5,
2027 248 2064 275 10

1769 438 1806 466 11.
1827 439 1856 473 4,
1877 439 1913 467 32
1935 437 1955 466 f.
1986 437 2064 466 ferro

1136 1131 1180 1159 19.
1210 1130 1334 1158 Directa
1356 1130 1473 1159 dicendi
1503 1130 1553 1159 via
1581 1139 1639 1158 nou
1665 1130 1836 1158 infirmitate
1867 1129 1978 1166 ingenii
2010 1137 2064 1157 nec

1211 1168 1329 1196 inscitia
1352 1169 1517 1197 litterarum
1538 1186 1576 1189 —
1598 1169 1650 1197 sed
1672 1169 1780 1196 indicio
1803 1170 1832 1197 et
1853 1168 2017 1196 intellectu.

1212 1207 1269 1243 Ag.
1291 1209 1328 1236 20
1348 1208 1396 1235 vel
1418 1207 1531 1235 incuria
1552 1208 1599 1235 vel
1622 1207 1823 1235 intolerantia.

1212 1246 1246 1274 G.
1269 1247 1305 1274 25
1328 1246 1438 1282 impetu
1460 1248 1489 1274 et
1510 1246 1563 1283 ira,
1585 1248 1617 1274 ut
1639 1245 1799 1273 inimicum.

1212 1284 1249 1312 H.
1274 1286 1298 1320 1,
1321 1286 1356 1313 57
1383 1285 1524 1313 instinctu
1547 1287 1575 1313 et
1597 1285 1718 1321 impetu.
1760 1283 1796 1312 A.
1820 1285 1864 1320 14,
1889 1284 1923 1312 16
1954 1283 2064 1319 impetu

1251 1325 1280 1350 et
1302 1323 1453 1351 instinctu.
1943 1342 1949 1347 .

1212 1361 1249 1389 Η.
1272 1362 1298 1396 3,
1321 1362 1358 1389 75
1379 1361 1577 1389 innocentiam
1606 1359 1817 1397 iustitiamque.
1857 1359 1894 1387 H.
1918 1360 1943 1395 1,
1965 1360 2002 1387 45
2023 1358 2064 1386 in-

1252 1399 1384 1427 dustriae
1407 1400 1469 1427 eius
1491 1399 1747 1435 innocentiaeque.
1789 1398 1825 1426 A.
1848 1399 1893 1434 16,
1916 1398 1953 1426 23
1982 1397 2064 1425 iusti-

1252 1437 1294 1465 tia
1316 1441 1406 1473 atque
1428 1437 1582 1465 industria.

1213 1475 1250 1503 H.
1271 1478 1356 1512 4,11
1378 1476 1517 1511 ignaviae
1539 1475 1748 1511 infamiaeque.
1774 1474 1810 1503 A.
1832 1476 1859 1510 3,
1881 1475 1918 1503 52
1940 1473 2063 1510 ignomi-

1252 1514 1331 1543 niam
1353 1517 1382 1542 et
1404 1514 1566 1542 infamiam.

1213 1552 1248 1581 A.
1273 1555 1316 1589 11,
1339 1554 1374 1581 26
1397 1552 1512 1581 insidiis
1534 1553 1694 1588 incautum,
1716 1551 1759 1579 ita
1780 1551 1851 1580 irae.

1213 1592 1248 1619 A.
1270 1593 1297 1628 2,
1320 1593 1356 1619 65
1377 1591 1396 1619 f.
1419 1591 1464 1619 ius
1485 1594 1514 1620 ct
1535 1591 1680 1619 iniuriam.
1721 1590 1757 1618 A.
1780 1592 1825 1627 12,
1847 1591 1884 1619 69
1905 1588 2011 1617 iniuria
2034 1592 2064 1618 et

1253 1629 1375 1658 invidia.

1212 1668 1248 1697 A.
1272 1670 1317 1704 13,
1339 1670 1375 1696 42
1398 1668 1483 1697 simul
1504 1667 1612 1696 studiis
1632 1667 1778 1695 inertibus
1799 1669 1829 1695 et
1849 1666 1988 1695 iuvenum
2009 1665 2059 1693 im-

1252 1706 1386 1743 peritiae.

1155 1748 1182 1775 5.
1213 1745 1322 1774 invidis
1343 1748 1373 1773 et
1393 1745 1529 1774 inimicis.
1571 1746 1588 1774 9
1608 1745 1726 1773 inanem
1747 1746 1777 1772 et
1798 1742 2020 1772 infructuosam.

1137 1788 1181 1814 16.
1212 1783 1376 1812 inauditum
1398 1788 1428 1812 et
1448 1783 1645 1811 indefensum.

1208 1823 1245 1851 H.
1269 1824 1294 1858 1,
1317 1824 1334 1850 6
1356 1822 1481 1851 inauditi
1502 1825 1532 1850 ct
1552 1821 1708 1851 indefensi.
1734 1821 1770 1849 A.
1792 1822 1819 1857 2,
1841 1821 1877 1849 77
1898 1819 2063 1848 inauditum

1252 1864 1281 1889 et
1302 1861 1362 1889 ind.

1213 1900 1270 1936 Ag.
1292 1901 1329 1928 46
1349 1900 1458 1928 multos
1479 1901 1612 1927 veterum
1632 1898 1716 1927 velut
1735 1896 1879 1934 inglorios
1900 1898 1929 1925 et
1949 1895 2063 1932 ignobi-

1254 1939 1297 1967 les
1319 1938 1429 1966 oblivio
1452 1938 1559 1966 obruit.

1217 1976 1252 2005 G.
1276 1978 1310 2005 12
1332 1977 1457 2013 ignavos
1479 1979 1508 2004 et
1529 1976 1663 2004 imbelles
1685 1977 1715 2003 et
1737 1983 1762 2003 e.
1784 1973 1919 2002 infames.

1216 2015 1272 2051 Ag.
1296 2017 1331 2044 15
1363 2015 1397 2044 G.
1420 2017 1455 2044 31
1487 2014 1604 2051 ignavis
1630 2017 1660 2042 et.
1681 2013 1859 2042 imbellibus.
1899 2011 1935 2040 A.
1959 2012 2004 2047 12,
2030 2013 2065 2040 12

1256 2053 1418 2082 industrios
1439 2056 1491 2082 aut¹
1512 2053 1647 2089 ignavos.

1211 2092 1268 2129 Ag.
1290 2094 1325 2121 31
1348 2092 1457 2128 integri
1478 2094 1508 2120 et
1529 2091 1672 2119 indomiti.

1251 2135 1336 2167 tegla
1359 2134 1388 2158 et
1410 2130 1520 2158 infelix.

1212 2169 1249 2197 H.
1272 2171 1298 2205 3,
1322 2171 1357 2198 13
1378 2168 1397 2197 f.
1424 2169 1556 2205 integros
1577 2168 1815 2204 incruentosque.

1251 2208 1392 2236 domitum
1414 2207 1536 2235 militem
1558 2209 1588 2234 et
1609 2207 1637 2235 d.
1659 2206 1813 2234 infensum.
1854 2204 1892 2232 H.
1913 2205 1941 2239 4,

1250 2246 1332 2274 visus
1353 2255 1380 2273 a.
1403 2245 1603 2282 infensusque.

1295 2286 1362 2320 ,60
1382 2284 1401 2312 f.
1424 2284 1575 2312 innoxium
1596 2286 1625 2312 et
1646 2283 1816 2318 inemptum
1838 2280 1874 2308 H.
1885 2282 1913 2316 3,
1923 2281 1960 2308 47
1976 2279 2066 2308 indis-

1638 2321 1675 2349 H.
1697 2322 1724 2355 3,
1746 2321 1782 2348 74
1811 2318 1962 2346 immixtus
1983 2318 2064 2354 igno-

1980 2340 2016 2384 Ᾰῖ
2038 2357 2066 2392 2,

1714 2090 1751 2119 H.
1775 2092 1801 2126 1,
1823 2090 1859 2118 71
1881 2088 1901 2117 f.
1928 2087 2002 2117 fides
2024 2087 2064 2116 in-

1856 2165 1893 2193 H.
1914 2166 1943 2200 4,
1966 2166 2002 2193 35
2024 2164 2065 2192 in-

1963 2204 2001 2231 70
2021 2203 2063 2231 iu-

1216 2285 1253 2313 H.

1255 2327 1366 2352 cretum
1388 2325 1417 2351 et
1438 2322 1597 2350 innoxium.

1255 2364 1406 2398 ratusque.
1443 2361 1479 2389 H
1505 2363 1529 2397 1,
1552 2362 1589 2389 63
1609 2358 1745 2387 instructi
1775 2357 1950 2394 intentique.

1256 2402 1291 2428 12
1313 2400 1446 2428 immensi
1468 2402 1497 2427 et
1519 2382 1670 2426 inconditi.

1216 2439 1253 2467 H.
1276 2440 1302 2474 3,
1326 2440 1361 2467 14
1391 2439 1512 2474 ignaros
1542 2439 1571 2465 ct
1600 2436 1742 2464 insontes.
1792 2434 1829 2462 ΙΙ
1850 2435 1878 2468 4,
1900 2435 1937 2462 59
1967 2432 2066 2461 incon-

1255 2481 1342 2514 rupta
1363 2480 1454 2513 atque
1475 2476 1659 2504 intemerata.
1697 2473 1733 2501 A.
1756 2474 1782 2509 1,
1803 2474 1839 2501 42
1865 2472 2000 2500 inausum
2025 2469 2067 2498 in-

1257 2518 1480 2544 temeratumve.
