2238 2735
163 194 205 222 sic
228 196 354 237 utroque
377 192 546 221 distinctior
571 194 599 219 et
626 189 766 219 urbanior
788 189 902 224 Cicero,
935 189 1015 218 Cice-

164 241 234 260 rone
255 232 354 260 mitior
376 231 522 260 Corvinus
543 233 571 259 et
593 229 708 257 dulcior
733 231 762 256 et
784 228 814 256 in
834 227 936 256 zerbis
957 237 1017 257 ma-

163 271 210 307 gis
232 271 413 299 elaboratus.

127 332 133 338 .
163 310 307 338 Lentulos
329 313 358 337 et
379 308 515 337 Metellos
542 310 571 336 et
591 306 733 335 Lucullos
763 308 793 334 et
816 305 958 334 Curiones
989 310 1017 335 et

165 352 295 376 ceteram
316 355 470 384 pmcerum
491 354 619 374 manum.

166 387 202 415 Η.
228 390 252 417 1
273 389 309 415 87
349 386 499 414 Penuiuae
537 384 714 420 Cottiaeque
744 383 837 419 Alpes
868 385 896 411 et
927 383 1017 412 ceteri

167 425 330 454 Galli-irum
353 425 461 453 aditus.

165 465 201 492 A.
226 467 250 496 1,
273 466 309 492 55
330 472 367 491 m.
390 462 543 498 suasitque
566 461 655 497 Varo,
687 464 718 489 ut
746 469 777 488 se
803 463 832 488 ct
853 460 1018 488 Arminium

167 506 196 531 et
218 506 333 531 ceteros
354 510 494 538 proceres
514 500 650 528 vinciret.

167 549 195 570 et
217 541 349 569 invidere
371 543 400 568 et
422 540 513 568 livere
536 542 564 567 et
587 538 694 567 ceteris
724 538 871 566 humanae
901 538 1019 566 infirmi-

167 580 238 608 tatis
259 579 339 607 vitiis
360 578 449 606 affici.

168 620 224 655 Ag.
249 619 282 646 12
305 618 400 645 oleam
422 618 571 653 vitemque
593 619 623 644 et
638 619 738 644 cetera
757 616 950 644 calidioribus
964 618 1020 644 ter-

207 657 247 685 ris
269 656 338 684 oriri
361 660 454 684 sueta.

169 696 225 732 Ag.
248 696 283 724 32
306 695 417 722 tributa
440 698 469 723 et
490 695 613 723 metalla
635 696 664 722 et
687 697 803 722 ceterae
830 693 1022 722 servientium

207 742 332 770 poenae.

170 773 206 801 H.
228 774 255 802 4.
279 773 315 800 14
336 781 373 800 m.
397 773 518 800 iniurias
541 776 570 801 et
591 774 695 809 raptus
725 775 754 800 ct
781 774 879 800 cetera
909 771 1024 800 servitii

207 811 295 839 mala.

170 850 206 878 H.
229 851 256 884 5,
278 850 314 877 25
337 850 518 886 respicerent
540 850 652 877 Raetos
673 849 859 886 Noricosque
890 851 920 877 et
946 852 1023 877 cete-

208 897 307 917 rorum
329 897 419 916 onera
441 888 597 916 sociorum.

171 927 207 956 H.
229 929 257 963 4,
280 928 316 955 74
337 927 526 955 sterilitatem
547 931 599 954 aut
621 926 728 955 nimios
749 926 858 955 imbres
873 929 902 955 et
925 929 1025 955 cetera

208 969 334 994 naturae
356 966 444 994 mala.

170 1005 208 1033 H.
230 1007 257 1041 5,
281 1006 315 1032 17
343 1003 361 1032 s.
393 1004 474 1033 saxis
501 1004 722 1040 glandibusque
752 1007 781 1032 et
803 1004 910 1032 ceteris
931 1003 1025 1031 missi<

209 1043 297 1071 libus.

172 1083 209 1110 H.
231 1084 258 1118 4,
280 1084 317 1110 26
339 1082 357 1110 f.
380 1081 539 1110 muniendo
561 1082 762 1118 vallandoque
784 1085 813 1110 et
829 1082 936 1110 ceteris
955 1081 1025 1109 belli

210 1120 439 1149 meditamentis.

173 1160 209 1188 H.
231 1161 258 1195 3,
280 1161 319 1188 ‘20
340 1168 459 1187 secures
482 1159 682 1196 dolabrasque
698 1162 727 1187 et
742 1163 842 1187 cetera
853 1167 1024 1196 expuguan

212 1198 258 1226 dis
279 1198 413 1226 urbibus.

172 1238 208 1266 A.
232 1238 276 1273 13,
299 1238 316 1265 6
338 1237 450 1273 proclia
473 1246 591 1274 quoque
613 1239 642 1265 et
658 1236 897 1273 oppugnationes
910 1236 1026 1265 urbium

211 1279 240 1304 et
261 1278 360 1304 cetera
384 1276 463 1303 belli.

176 1315 212 1343 A.
237 1316 281 1350 14,
305 1315 322 1342 3
343 1314 362 1342 f.
385 1315 526 1351 templum
543 1317 571 1342 et
586 1323 655 1342 aras
672 1318 701 1342 et
717 1317 816 1342 cetera
833 1313 1028 1342 ostentandae

212 1352 327 1389 pietati.

174 1392 211 1420 Η.
233 1393 260 1426 4,
284 1392 322 1419 60
351 1391 489 1420 iumentis
526 1391 669 1428 equisque
705 1394 733 1419 et
765 1391 872 1419 ceteris
896 1390 1029 1418 animali—

214 1430 278 1458 bus.

174 1468 211 1496 H.
233 1469 260 1504 2,
283 1469 318 1496 71
346 1467 540 1496 histrionibus
570 1470 599 1496 ct
633 1468 798 1504 spadonum
828 1467 972 1504 gregibus
1002 1471 1030 1495 et

215 1509 315 1534 cetero
337 1506 528 1534 Neronianae
550 1507 636 1534 aulae
657 1506 786 1543 ingenio.

175 1545 290 1581 Α.11,6
301 1545 421 1573 Suillius
443 1548 472 1573 et
495 1545 689 1574 Cossulianns
705 1548 734 1574 et
748 1545 852 1581 ceteri,
865 1545 915 1581 qui
925 1562 971 1572 -.
994 1545 1029 1573 A.

170 1593 173 1599 “
214 1586 260 1620 15,
282 1585 319 1612 53
340 1584 452 1612 tribuni
473 1586 502 1612 et
525 1584 714 1612 centuriones
745 1587 773 1612 et
796 1586 969 1619 ceterorum,
998 1589 1029 1611 ut

215 1623 340 1659 quisque
360 1639 407 1650 —-.
429 1623 464 1650 A.
488 1623 533 1658 15,
556 1624 592 1651 55
623 1632 732 1659 urgens
762 1622 935 1659 periculum,
963 1631 1029 1658 gra-

213 1670 267 1689 ves
289 1661 459 1689 coniuratos
481 1664 510 1689 et
532 1664 641 1698 cetera,
664 1670 740 1698 quae
761 1677 807 1688 —.

105 1702 111 1705 '
143 1723 148 1727 .
179 1700 355 1736 (orationes)
377 1702 428 1728 aut
451 1699 591 1728 Caesaris
611 1709 666 1736 pro
687 1700 724 1728 D.
746 1701 775 1729 S.
797 1702 849 1728 aut
870 1700 954 1728 Bruti
975 1708 1029 1736 pro

178 1740 220 1806 Pb
238 1748 260 1766 r.
283 1742 460 1775 ceterosque
482 1738 614 1767 eiusdem
636 1738 823 1767 lentitudinis
854 1747 889 1766 ac
920 1738 1032 1776 leporis

191 1786 200 1804 1
224 1786 282 1805 ros.

176 1816 251 1844 Hm„
257 1817 322 1853 ,16
345 1815 496 1844 Corsicam
517 1825 553 1844 ac
576 1815 744 1845 Sardiniam
770 1805 945 1853 ceterasque
966 1825 1031 1852 pro-

217 1854 289 1882 ximi
309 1854 400 1882 maris
421 1854 542 1883 insulas.

180 1894 214 1921 A.
237 1895 264 1928 4,
287 1895 304 1923 9
326 1892 438 1921 Sabina
458 1893 610 1930 nobilitas,
632 1894 722 1923 Attus
745 1893 871 1923 Clausus
902 1897 1031 1923 ceterae-

219 1940 275 1968 que
299 1931 489 1960 Claudiorum
511 1931 635 1968 effigies.

1026 92 1068 124 35

1150 190 1187 219 Η.
1209 191 1236 226 4,
1259 191 1296 219 70
1316 199 1375 218 uon
1396 190 1519 219 Treveri
1550 199 1644 227 neque
1667 190 1818 227 Lingones
1848 194 2003 219 ceteraeve

1189 228 1343 256 rebellium
1367 229 1514 258 civitates.

1151 267 1187 295 H.
1211 270 1237 304 1,
1270 269 1305 295 22
1344 268 1501 304 adulteria,
1532 267 1718 296 matrimonia
1750 272 1926 306 ceterasque
1960 277 2003 297 re-

1190 314 1315 342 gnorum
1336 306 1485 335 libidines.

1151 345 1188 372 H.
1210 346 1237 379 3,
1259 346 1296 372 49
1317 345 1485 381 avaritiam,
1509 345 1678 382 superbiam
1709 349 1866 382 ceteraque
1889 347 2004 374 occulta

1190 383 1279 410 mala.

1152 422 1189 449 H.
1211 423 1238 465 4,
1261 423 1277 449 5
1308 422 1481 458 potentiam,
1512 422 1699 451 nobilitatem
1730 426 1889 460 ceteraque
1921 426 2004 452 extra

1191 469 1329 488 animum.

1156 499 1191 526 H.
1213 500 1240 535 4,
1264 502 1300 527 11.)
1330 499 1449 527 Priscus
1480 502 1508 527 ct
1530 501 1689 529 Marcellus
1721 501 1880 537 ceterique.
1922 501 1957 529 A.
1979 502 2006 537 2,

1194 539 1230 565 74
1252 537 1371 565 Vitellio
1393 547 1428 565 ac
1452 538 1579 566 Veranio
1602 539 1780 576 ceterisque,
1803 539 1853 576 qui
1874 556 1920 567 —.

1154 576 1189 604 A.
1214 578 1239 606 1.
1262 578 1277 604 7
1299 585 1336 603 m.
1360 576 1514 607 excubiae.
1536 586 1628 611 arma,
1652 581 1750 606 cetera
1772 579 1868 606 aulae.

1157 615 1192 642 A.
1214 616 1241 645 2,
1264 616 1300 643 73
1332 615 1499 651 clementia,
1535 617 1742 652 temperantia,
1779 617 1886 645 ceteris
1922 617 2008 645 bonis

1195 653 1320 681 artibus.

1156 692 1191 720 A.
1217 693 1261 728 16,
1283 694 1320 720 26
1342 701 1379 720 m.
1402 692 1431 720 iu
1453 693 1617 729 coniugem,
1640 693 1668 721 in
1690 693 1841 730 familiam,
1865 693 1894 721 in
1909 697 2007 722 cetera

1196 731 1323 767 pignora
1345 731 1417 759 eius.

1157 769 1192 797 H.
1218 772 1242 805 1,
1264 771 1300 797 47
1323 769 1482 797 tribunicia
1503 773 1638 806 potestas
1661 773 1690 798 et
1711 779 1817 799 nomen
1831 771 1960 807 Augusti
1981 776 2010 799 et

1197 816 1298 836 omnes
1319 808 1485 844 principum
1506 809 1642 837 honores.

1160 847 1196 874 H.
1218 848 1245 883 2,
1268 848 1306 875 SO
1328 846 1487 875 Caesarem
1508 852 1537 876 et
1557 848 1726 884 Augustum
1753 851 1782 876 et
1812 848 1909 877 omnia
1931 849 2009 885 prin-

1199 885 1314 921 cipatus
1337 885 1494 914 vocabula.

1158 924 1196 952 H.
1218 927 1245 957 2,
1267 926 1284 952 5
1306 933 1342 952 m.
1373 924 1594 961 magnificentia
1625 928 1654 953 et
1682 934 1753 962 opes
1776 929 1804 954 et
1827 929 1932 954 cuncta
1954 926 2010 962 pri-

1198 966 1301 990 vatum
1322 963 1441 991 modum
1464 972 1667 1000 supergressa.

1159 1002 1193 1029 A.
1219 1003 1262 1037 13,
1284 1003 1320 1030 57
1343 1011 1380 1029 m.
1403 1002 1480 1038 equi,
1504 1002 1569 1038 viri,
1593 1007 1699 1031 cuncta
1721 1003 1811 1031 victa.

1160 1040 1196 1068 H.
1220 1043 1245 1076 1,
1268 1042 1303 1068 51
1326 1049 1363 1067 m.
1387 1041 1532 1077 Sequanis
1542 1041 1714 1078 Aeduisque
1736 1051 1770 1069 ac
1788 1041 1904 1078 deinde,
1926 1046 2012 1078 prout

1199 1079 1350 1116 opulentia
1374 1079 1546 1107 civitatibus
1569 1084 1642 1115 crat,
1664 1080 1781 1108 infensi.

1159 1118 1216 1154 Ag.
1241 1120 1275 1146 12
1297 1117 1316 1145 f.
1340 1127 1443 1145 aurum
1465 1122 1493 1146 et
1515 1122 1670 1154 argentum
1692 1122 1720 1147 et
1742 1119 1801 1147 alia
1823 1119 1954 1147 metalla.

1159 1157 1195 1184 A.
1220 1160 1244 1193 1,
1267 1158 1304 1184 20
1325 1156 1362 1184 ob
1386 1157 1491 1184 itinera
1514 1160 1543 1185 et
1564 1160 1672 1193 pontes
1695 1163 1724 1185 et
1745 1158 1820 1186 alios
1841 1166 1921 1186 usus.

1161 1195 1197 1223 H.
1220 1197 1246 1230 3,
1270 1198 1286 1223 8
1309 1195 1328 1222 f.
1351 1195 1535 1223 incruentam
1561 1199 1590 1224 et
1620 1195 1683 1224 sine
1704 1197 1786 1224 luctu
1807 1196 1963 1224 victoriam
1985 1200 2014 1225 et

1199 1234 1258 1262 alia
1281 1233 1493 1262 huiuscemodi.

1163 1273 1199 1301 H.
1222 1274 1248 1308 3,
1271 1274 1306 1301 52
1329 1272 1446 1309 aquilas
1469 1273 1615 1310 signaque
1645 1276 1673 1302 et
1704 1273 1849 1310 quidquid
1879 1274 2014 1302 Veronae

1202 1312 1327 1339 militum
1349 1311 1435 1340 foret.

1163 1351 1199 1378 H.
1221 1352 1248 1385 2,
1271 1352 1288 1378 6
1309 1350 1329 1377 f.
1354 1349 1547 1386 Cappadocia
1568 1351 1740 1387 Pontusque
1762 1354 1790 1379 ct
1806 1351 1951 1388 quidquid
1970 1361 2015 1379 ca-

1202 1392 1329 1417 strorum
1349 1388 1498 1417 Armeniis
1518 1389 1735 1425 praetenditur.

1162 1429 1198 1455 A.
1222 1429 1266 1463 14,
1289 1429 1306 1455 3
1327 1435 1441 1454 veneno
1464 1436 1501 1454 an
1523 1427 1600 1455 ferro
1623 1428 1670 1455 vel
1692 1436 1750 1464 qua
1772 1428 1832 1456 alia
1854 1428 1893 1456 vi.

1164 1467 1199 1494 A.
1223 1467 1268 1497 14,
1291 1468 1307 1493 5
1329 1465 1349 1493 f.
1378 1465 1475 1493 contis
1497 1468 1526 1494 et
1547 1466 1636 1494 remis
1659 1469 1688 1494 et
1711 1475 1786 1503 quae
1813 1467 1874 1495 fors
1904 1467 2016 1496 obtule-

1203 1508 1249 1532 rat
1270 1503 1429 1532 navalibus
1450 1504 1527 1532 telis.

1164 1544 1201 1571 H.
1223 1545 1250 1577 2,
1272 1544 1309 1571 49
1330 1542 1469 1571 Bedriaci
1490 1543 1662 1571 Placentiae
1683 1543 1809 1580 aliisque
1832 1544 1861 1572 in
1883 1544 1998 1573 castris.

1163 1583 1198 1610 A.
1221 1584 1248 1617 3,
1271 1583 1306 1610 31
1330 1582 1458 1610 Scaurus
1481 1584 1510 1610 et
1531 1581 1689 1610 Arruntius
1710 1582 1819 1619 aliique
1832 1583 1932 1611 Sullae
1953 1592 2018 1620 pro-

1202 1629 1315 1658 pinqm.

1163 1660 1198 1688 A.
1221 1661 1248 1694 4,
1270 1660 1307 1687 55
1329 1659 1413 1687 Persi
1435 1661 1464 1686 et
1485 1659 1647 1687 Aristonici
1668 1659 1851 1696 aliorumque
1874 1668 1985 1696 regum.

1165 1699 1200 1726 A.
1212 1700 1239 1734 2,
1250 1699 1267 1726 9
1278 1697 1297 1725 f.
1316 1700 1453 1734 torquem
1464 1700 1493 1725 et
1503 1706 1642 1726 coronam
1652 1698 1771 1734 aliaque
1782 1698 1921 1727 militaria
1932 1699 2019 1727 dona.

1166 1738 1201 1765 A.
1225 1739 1251 1770 3,
1273 1739 1290 1764 2
1312 1739 1435 1772 vestem,
1459 1736 1565 1764 odores
1581 1736 1700 1773 aliaque
1715 1736 1849 1764 funerum
1867 1738 2019 1766 solemnia.

1165 1777 1200 1804 A.
1223 1778 1251 1812 3,
1272 1776 1308 1803 57
1330 1775 1440 1811 templa
1463 1778 1493 1803 et
1513 1784 1600 1803 arcus
1621 1775 1740 1812 aliaque
1763 1775 1861 1803 solita.

1166 1816 1201 1844 A.
1224 1817 1250 1851 3,
1271 1815 1307 1841 27
1329 1823 1366 1841 m.
1393 1813 1548 1850 apiscendi
1574 1813 1703 1842 inlicitos
1725 1814 1852 1842 honores
1882 1818 1933 1843 aut
1959 1816 2019 1852 pel-

1204 1852 1285 1882 lendi
1307 1853 1403 1880 claros
1424 1852 1505 1880 viros
1527 1852 1645 1888 aliaque
1667 1853 1705 1880 ob
1725 1861 1829 1889 prava.

1167 1893 1201 1921 A.
1225 1894 1270 1928 13,
1294 1892 1328 1920 13
1350 1891 1487 1919 libertam
1501 1891 1657 1924 aemulam,
1680 1900 1784 1920 nurum
1799 1892 1938 1921 ancillam
1949 1893 2019 1921 alia<

1206 1940 1263 1969 que
1285 1929 1411 1959 eundem
1433 1930 1462 1958 in
1483 1929 1611 1958 modum.

821 2110 1131 2162 GRADA
1148 2110 1251 2160 TI
1251 2109 1323 2160 0.

145 2296 151 2302 .
182 2275 228 2303 Ex
256 2276 348 2304 mults
376 2275 541 2304 eruditione
571 2278 600 2303 et
630 2275 763 2312 plurimis
789 2276 904 2304 artibus
926 2280 955 2305 et
978 2285 1035 2303 om-

183 2315 263 2343 nium
283 2322 381 2342 rerum
402 2314 536 2342 scientia.

183 2361 382 2419 magnusdex
387 2353 444 2381 hoc
465 2361 544 2389 usus,
575 2352 699 2380 multum
721 2353 916 2389 constantiae,
948 2353 1036 2390 pluri-

183 2400 261 2420 mum
282 2400 310 2419 1u
335 2401 393 2420 len.

108 2436 113 2440 ”
147 2452 153 2457 .
184 2430 254 2458 olim
275 2430 403 2458 omnium
424 2431 531 2458 artium
554 2429 672 2458 domina
695 2429 894 2466 pulcherrimo
916 2431 1036 2459 comita-

183 2472 216 2497 tu
236 2484 274 2487 —
294 2477 371 2497 nunc
392 2485 429 2489 ——
451 2469 513 2497 sine
535 2471 691 2506 apparatu,
718 2468 781 2497 sine
801 2468 922 2505 honore,
943 2478 1038 2506 paenc

185 2507 404 2574 diserim,fisine
426 2508 610 2544 ingenuitate
632 2507 717 2545 quasi
739 2516 796 2535 una
813 2516 850 2536 ex
872 2507 1038 2536 sordidissi-

184 2555 240 2574 mis
261 2548 318 2574 artl
342 2555 404 2574 cus.

1170 2275 1206 2303 H.
1228 2277 1255 2311 3,
1278 2276 1316 2303 60
1336 2274 1355 2302 f.
1377 2275 1489 2303 maiora
1520 2274 1577 2304 illis
1607 2274 1739 2311 praemia
1765 2277 1795 2302 et
1821 2274 1911 2302 multo
1933 2276 2023 2303 maxi<

1208 2323 1287 2342 mum
1309 2313 1410 2342 decus.

1169 2392 1226 2428 Ag.
1248 2393 1284 2419 41
1307 2399 1398 2420 causa
1418 2392 1543 2428 periculi
1564 2408 1600 2411 ——
1622 2390 1752 2419 infensus
1766 2390 1927 2420 virtutibus
1946 2392 2024 2429 prin-

1209 2438 1291 2467 ceps,
1316 2433 1346 2458 et
1375 2430 1470 2466 gloria
1496 2430 1553 2459 viri
1582 2438 1627 2465 ac,
1655 2428 1813 2466 pessimum
1841 2429 2024 2460 inimicorum

1209 2477 1312 2505 genus,
1335 2468 1500 2498 laudantes.
