2238 2735
216 259 240 282 2.
272 253 432 280 industriae
455 261 489 279 ac
511 251 631 279 laboris.

236 314 241 319 .
275 292 422 325 ingenium
444 299 478 318 ac
502 289 640 317 studium.

211 1405 254 1429 11.

237 2132 264 2159 8.
294 2139 402 2158 numen
423 2134 452 2159 et
475 2133 612 2160 caelestis
633 2133 688 2160 vis.

256 2190 262 2196 .
294 2178 401 2205 operae
424 2179 580 2207 curaeque.

219 837 244 854 ·.
276 828 304 855 iu
326 828 390 855 loca
421 843 457 846 —
490 825 679 862 sedibusque.

240 925 246 931 .
277 904 448 939 malignitas
471 908 498 930 ct
522 903 642 930 invidia.

245 1194 250 1199 .
281 1171 384 1199 modus
407 1176 434 1199 ct
456 1174 729 1207 temperamentum.

255 2266 262 2272 .
294 2247 456 2282 ingentium
479 2256 565 2283 opum
587 2257 621 2275 ac
649 2257 775 2284 magnae
796 2248 958 2283 potentiae.

259 2457 265 2463 .
296 2437 324 2465 in
345 2438 408 2466 foro
428 2449 489 2476 pax
509 2455 547 2461 —-
568 2440 596 2468 in
618 2443 723 2469 senatu
751 2438 918 2468 concordia.

273 186 339 213 spes
362 175 414 203 sui.
440 175 511 202 Plin.
535 174 568 201 li.
591 175 617 206 s»,
642 176 673 201 11
697 173 794 201 audiri
814 183 850 200 ea·
872 173 985 200 dir-vrso
1008 177 1120 209 (tycnlcs

271 226 393 242 ›innuan-
415 214 484 250 spei,
506 223 630 240 sannam*
653 212 755 239 indolis
776 211 890 239 iuvenes
911 212 991 238 duos.

676 250 733 277 (ft-c.
757 251 774 277 I.
797 254 822 277 σί
842 250 859 276 ἰ.

681 289 737 323 Ag.
760 290 776 315 :3
803 287 920 323 ingenia
953 286 1119 323 studiaque.

277 331 331 356 (ἵν.
355 340 409 366 my.
431 329 615 364 studiumque.
659 327 755 357 Quint.
776 331 809 353 st.
832 326 1034 363 iuycnizmzrlzw.

275 368 392 403 iugenio
415 373 442 395 et
465 367 493 393 vi
515 371 647 393 naturae.
689 366 723 393 a?
746 364 865 400 ingenio
887 368 915 392 et
942 363 1121 399 eloquentia.

273 407 390 441 iugenio
413 411 440 433 ct
463 405 604 432 oratioue.
639 403 694 431 Cic.
711 403 751 430 ris
772 407 892 430 naturae
913 407 998 439 atquc
1009 401 1122 439 laycali.

276 445 371 475 Quint.
393 445 447 481 ingl·
470 442 659 477 wlsinvtnrlht.

274 483 355 510 initia
378 487 405 510 et
429 481 549 509 semina.
594 481 650 507 (ic.
673 480 689 506 ι’.
712 485 737 507 e!
758 485 894 516 tanquam
915 489 938 507 s.

274 520 381 548 invidis
403 524 430 548 et
454 519 587 546 inimicis.
625 518 682 546 Cic.
704 519 778 546 1'111'171.
801 524 884 555 alque
906 518 961 545 iar.
987 517 1022 545 A.
1039 519 1063 552 1,
1085 517 1122 545 55

275 568 374 595 gener,
397 559 519 593 invisus,
542 557 650 584 inimici
672 557 775 585 soceri.

235 619 240 624 .
273 597 383 624 invidia
405 600 454 624 aut
478 596 596 623 crimen.
628 596 665 623 11.
681 598 707 625 ὃ.
724 598 759 624 75
781 595 922 623 iuvidiam
945 594 1122 630 crimenque.

236 657 242 663 .
274 635 334 662 iure
356 640 406 663 aut
429 634 555 669 legibus.

601 634 657 661 (Tc.
681 634 740 662 [arc
762 635 839 662 cirili
859 638 884 661 ct
905 634 1019 671 [ivibus.

272 673 357 701 labor
385 676 413 701 et
434 688 472 692 —
492 671 656 700 meditatio.
699 674 733 700 16
755 681 824 700 eura
846 675 875 700 et
896 672 1061 700 meditatio,
1087 669 1123 698 A.

272 714 299 741 ⁴l.
318 715 352 741 61
367 711 520 739 meditatio
542 713 570 738 et
593 710 691 747 labor;
718 726 755 730 —
783 711 893 747 impetu
920 709 1015 745 magis
1036 717 1125 745 quam

275 759 343 779 cura
372 750 466 786 viguit
498 747 632 784 (orator).
672 750 707 777 A.
729 751 756 781 3,
789 751 824 778 12
850 748 869 776 f.
901 749 1069 785 eloquentia
1096 748 1126 774 et

276 798 355 817 cura.
386 789 442 823 Ag.
462 790 497 816 10
518 788 546 815 in
570 788 821 823 comparationem
849 796 936 815 curae
966 787 1124 823 ingeniive.

719 827 756 854 H.
778 828 805 862 2,
828 828 861 853 12
889 826 954 853 loca
982 826 1126 861 sedesque

277 865 400 902 patriae.

687 903 743 931 Cic.
765 903 964 930 vzaIcz-olcntia
987 906 1011 929 ct
1032 901 1088 928 inv.

278 942 417 970 memoria
440 951 473 968 ac
497 941 713 969 recordatione.
758 942 815 969 Cic.
838 952 861 968 r.
884 946 909 968 ct
930 951 982 975 m.‚·
1001 950 1036 967 m.
1059 944 1085 968 et
1103 949 1129 966 r.

280 980 331 1008 cfr.
354 980 437 1007 Lael.
460 979 506 1007 od.
530 980 665 1015 Seyffert.
687 981 753 1008 553.

280 1023 388 1046 mettun
411 1022 439 1045 et
461 1022 612 1045 terrorem.
653 1018 709 1053 Ag.
732 1019 767 1046 32
788 1021 884 1045 metus
906 1020 935 1045 et
956 1020 1060 1045 terror.
1091 1015 1127 1044 A.

282 1059 326 1085 13.
347 1058 382 1084 14
403 1061 545 1084 terrorem
567 1060 595 1084 et
617 1056 720 1084 minas.

279 1095 424 1123 modestia
446 1104 481 1122 ae
508 1094 630 1130 pudore.
671 1095 707 1122 A.
729 1095 756 1130 3,
778 1095 815 1122 26
842 1103 896 1130 pro
922 1093 1070 1123 modestia
1096 1102 1130 1121 ac

283 1133 405 1169 pudore.
449 1134 505 1160 Οἱς.
522 1144 555 1169 p.
577 1144 610 1161 ac
633 1143 666 1160 m.

770 1172 807 1199 H.
824 1175 849 1205 1,
871 1173 907 1200 83
929 1171 1133 1208 postulaturus

282 1219 299 1237 a
330 1209 416 1237 vobis
452 1213 716 1245 temperamentum
744 1214 861 1239 vestrae
891 1209 1075 1238 fortitudinis
1105 1212 1133 1237 et

283 1257 354 1284 erga
375 1257 421 1275 me
441 1248 561 1276 modum
583 1248 726 1277 caritatis.
756 1250 812 1277 Cic.
835 1259 868 1276 m.
892 1254 917 1276 et
937 1249 1142 1285 temperantias

284 1287 348 1314 Lir.
375 1287 513 1314 neodcstia
541 1292 567 1314 ct
597 1292 855 1324 &anper-amentum.
896 1288 970 1316 Hor.
987 1287 1047 1314 Sat.
1070 1289 1134 1323 1,1,

288 1327 342 1353 10ss
370 1330 410 1352 est
437 1326 536 1352 modas
562 1340 599 1344 ——-
624 1331 688 1354 suut
715 1327 785 1354 certi
798 1327 885 1363 fines.
925 1326 971 1352 ΓΙ.
992 1326 1028 1352 Ε.
1051 1327 1076 1361 7,
1098 1326 1135 1352 24

285 1364 378 1391 omnia
400 1364 482 1391 modo
502 1369 633 1392 constant
652 1370 784 1401 certoque
804 1368 1034 1400 temperamento.

283 1410 403 1429 nemora
431 1419 468 1422 —
494 1405 524 1430 et
549 1403 608 1430 luci
635 1405 664 1430 et
685 1406 831 1431 secretum
852 1403 957 1438 ipsum.
999 1403 1016 1429 9
1037 1401 1066 1429 in
1087 1410 1135 1430 ne-

284 1449 366 1467 mora
390 1444 419 1467 ct
440 1441 531 1467 lucos.
566 1440 601 1469 G.
617 1442 634 1469 9
647 1440 666 1468 f.
683 1441 765 1468 lucos
786 1449 821 1468 ae
842 1448 962 1468 nemora
983 1455 1020 1459 -
1042 1448 1136 1468 secrc-

286 1484 347 1506 tum
369 1478 451 1506 illud.
474 1478 532 1514 Ag.
555 1481 589 1507 31
609 1478 631 1506 t'.
652 1479 856 1515 longinquitas
877 1481 907 1506 et
928 1480 1073 1507 secretum
1094 1477 1136 1514 ip-

287 1526 360 1545 sum.
392 1516 426 1545 G.
449 1518 485 1545 45
505 1526 625 1545 nemora
647 1518 787 1554 lucosque
809 1533 846 1537 -—
868 1517 990 1545 secretis
1011 1516 1046 1544 A.
1061 1518 1088 1552 3,
1101 1519 1135 1545 61

288 1556 384 1583 lucum
406 1571 442 1575 ———
463 1564 576 1583 nemus.
619 1556 654 1584 G.
677 1558 713 1584 10
734 1556 827 1584 isdem
848 1556 1018 1583 nemoribus
1039 1564 1074 1582 ac
1096 1556 1137 1583 lu-

288 1593 339 1621 cis.
366 1594 477 1621 flacitus
498 1594 525 1621 ιή
548 1594 594 1621 Pl.
615 1595 651 1621 Ε.
673 1596 699 1631 9,
719 1596 754 1623 10
775 1595 846 1622 inter
866 1604 983 1621 neuim-a
1005 1598 1030 1621 et
1052 1595 1138 1621 lucos.

298 1632 376 1669 l'ergl.
398 1632 462 1659 Ecl.
484 1634 511 1667 3,
536 1634 573 1660 56
602 1643 657 1669 per
684 1643 803 1660 uentura
831 1638 914 1669 atque
945 1634 1019 1666 altos
1040 1642 1140 1659 saevos

289 1670 433 1698 iusim
450 1672 536 1697 lacos.
578 1671 669 1708 Prop.
689 1673 718 1707 4,
741 1674 767 1707 9,
789 1673 826 1699 24
852 1673 930 1699 lucus
951 1671 985 1698 ab
1007 1671 1140 1698 umbroso

287 1709 398 1739 fecerat
420 1709 487 1737 orbe
506 1719 611 1737 nemus.
656 1709 711 1737 Cic.
734 1720 850 1737 nemora
871 1714 896 1737 et
916 1710 1016 1737 sili-ac.
1059 1709 1141 1736 Orici.

291 1757 387 1775 nemus
417 1753 582 1784 secretaque
614 1748 698 1776 silva.
746 1750 854 1776 Seneca
882 1748 994 1785 Tra-(71⁴0.
1018 1747 1142 1775 nemoris

292 1786 371 1813 sacri
381 1787 467 1813 lucos.
487 1786 636 1813 Clcmdian.
651 1787 743 1814 silvae
756 1787 868 1814 silentia
882 1788 1023 1823 lacos-que.
1039 1786 1141 1822 Pomp.

289 1824 370 1851 ,Uola
387 1826 414 1860 3,
437 1826 453 1852 5
473 1821 700 1864 (Ῐζιχρρνίιονεὶᾴ)
722 1825 851 1852 habitant
875 1826 953 1852 lucos
980 1825 1144 1860 sz'lz·asqz‹e;

291 1862 476 1898 (Britannias
490 1864 556 1897 sat-t
577 1873 693 1891 nemora
713 1864 867 1899 saltusque.
906 1859 1002 1891 Cestius
1023 1863 1092 1897 thf.
1116 1864 1131 1890 Τ

294 1901 365 1934 23f.
379 1911 494 1928 noviora
517 1911 627 1937 quoque
649 1903 782 1938 lucosque
803 1912 911 1929 sacrus.
934 1910 970 1929 ex
989 1901 1064 1929 coni.
1075 1900 1130 1928 Aci

292 1938 373 1966 dalii.
399 1938 451 1966 cfr.
480 1940 617 1967 Muetzcll
647 1949 676 1975 p.
700 1942 766 1977 (372,
798 1940 903 1976 Zumpt
929 1949 958 1976 p.
986 1941 1051 1968 320.
1094 1939 1141 1966 I'l.

294 1977 330 2003 N.
351 1978 391 2004 ll.
408 1979 436 2012 4,
458 1979 495 2005 20
521 1978 746 2014 (Hyperboreis)
777 1980 875 2006 devias
904 1978 939 2006 its·
964 1988 1081 2006 nemora
1103 1979 1143 2005 Ζιι-

293 2025 383 2052 cique.

291 2057 386 2082 nitore
409 2057 438 2082 et
460 2055 540 2082 cultu
563 2055 802 2090 descriptionum.
833 2056 870 2083 ‘23
885 2055 1010 2083 nitorem
1032 2057 1061 2083 et
1083 2054 1142 2082 eul-

292 2096 354 2120 tum
380 2093 546 2121 verborum.
591 2094 686 2125 Qm'nt.
708 2096 782 2121 nilm-
804 2099 829 2122 ct
856 2104 895 2128 c.;
922 2104 945 2120 c.
967 2104 1000 2122 ac
1022 2104 1049 2121 n.

733 2132 789 2160 Cic.
811 2142 834 2160 c.
859 2143 882 2159 ι·-
906 2137 931 2160 et
951 2143 978 2160 η.

625 2172 682 2199 Cic.
705 2181 752 2207 (tp.
774 2181 923 2208 curaeque.

600 2209 655 2238 Cic.
668 2210 699 2244 f.
721 2214 747 2237 et
770 2220 795 2237 o.

1135 1883 1142 1898 ⁷

295 2208 394 2244 opinio
417 2212 446 2237 et
467 2209 555 2237 fama.

998 2248 1036 2276 H.
1057 2249 1085 2283 4,
1106 2248 1144 2275 44

293 2290 500 2314 accusatorum
521 2286 639 2322 ingenia
662 2289 692 2315 et
712 2295 784 2322 opes
805 2289 834 2313 ct
848 2286 982 2322 potentia
1000 2286 1143 2316 timeban-

294 2326 350 2351 tur.
391 2325 429 2352 H.
451 2327 478 2361 2,
501 2327 538 2354 10
559 2325 663 2353 Vibius
690 2324 811 2361 Crispus
837 2325 972 2360 pecunia,
1000 2324 1145 2361 potentia,

294 2361 502 2397 ingeniointer
517 2364 612 2391 claros
635 2364 730 2399 magis
745 2372 833 2399 quam
855 2363 931 2391 inter
954 2363 1056 2392 bonos.
1088 2362 1145 2390 Cic.

296 2410 321 2426 ο.
343 2405 368 2428 et
384 2407 447 2437 pot.
489 2401 540 2430 efr.
561 2402 645 2430 Lael.
668 2402 714 2429 ed.
737 2402 865 2437 Seyffert
888 2403 951 2430 138.
1125 2438 1140 2466 s

960 2440 996 2467 H.
1017 2440 1045 2475 2,
1067 2440 1105 2467 20
1139 2460 1145 2466 .

297 2485 356 2512 pax
377 2480 405 2504 ct
427 2479 594 2506 concordia.
635 2479 672 2506 H.
695 2480 722 2515 3,
748 2480 786 2507 80
815 2477 1002 2506 concordiam
1028 2486 1145 2513 pacem-

297 2523 353 2550 que
376 2516 543 2545 suaderent.

1134 76 1172 107 16

1176 440 1222 468 233.

1195 174 1221 201 5.

1195 289 1222 315 5.

1176 365 1222 391 40.

1180 710 1224 737 10.

1192 1592 1239 1620 23.

1226 1190 1232 1197 .
1264 1169 1340 1196 inter
1362 1169 1465 1197 sordes
1486 1178 1520 1197 ae
1542 1170 1690 1198 lacrimas.

1228 1267 1234 1273 .
1266 1245 1363 1273 studia
1386 1254 1540 1282 curasque.

1237 2151 1244 2158 .
1273 2131 1457 2167 voluptatem
1489 2146 1526 2150 —
1558 2131 1641 2159 cuius
1673 2129 1852 2159 iucunditas.

1252 171 1388 209 perfugio
1410 173 1460 202 (al.
1483 171 1644 209 pracsidio·
1666 176 1695 200 et
1716 172 1838 201 tutelae.
1869 172 1925 202 Cic.
1941 178 1958 202 l.
1971 178 1995 202 et
2005 184 2104 211 praes.

1252 212 1287 238 A.
1311 214 1336 247 3,
1360 213 1393 239 [31
1418 211 1582 247 perfugium
1603 211 1783 239 inviolabile.
1826 212 1861 240 G.
1881 214 1917 241 45
1939 221 1990 249 pro
2013 213 2104 241 armis

1254 249 1440 285 omniumque
1462 250 1555 277 tutela
1578 258 1712 277 securum
1733 264 1767 269 -
1786 252 1928 285 praestat.

1253 287 1386 323 potentia
1412 296 1446 315 ac
1478 291 1636 323 potestate.
1676 288 1864 316 I’scadoae'e'c.
1892 299 1924 325 p.
1952 290 2025 317 dont.
2051 300 2105 326 po-

1254 326 1341 353 tentia
1363 323 1559 362 111ayise1·a!zu“›z
1584 342 1614 345 —
1636 326 1741 362 populi
1760 327 1798 354 Ε.
1817 331 1955 362 postestas.

1255 363 1405 399 probitate
1428 367 1457 391 et
1478 357 1634 393 modestia.
1666 366 1702 393 2¹.)
1724 373 1818 400 neque
1839 365 1989 400 probitate
2010 374 2104 403 neque

1254 402 1410 430 modestia.
1452 402 1486 431 G.
1509 404 1544 431 36
1566 402 1710 431 modestia
1732 412 1766 430 ac
1789 403 1933 439 probitas.

1253 440 1342 476 longa
1364 456 1401 459 —
1422 440 1507 477 quies
1528 444 1557 468 ct
1579 441 1748 469 continuum
1769 457 1806 461 —
1829 441 1920 469 otium
1936 444 1965 470 ct
1980 441 2106 470 adsidua

1254 479 1513 514 ——t1·anquillitas.
1535 479 1592 515 Ag.
1604 481 1621 507 6
1643 480 1661 507 f.
1683 482 1718 508 21
1742 480 1833 516 quieti
1855 482 1884 507 et
1906 480 1976 508 otio.
1997 479 2054 516 Ag.
2070 481 2106 508 42

1255 516 1383 552 quietem
1415 520 1444 545 et
1472 517 1571 545 otium.
1613 518 1649 545 A.
1671 520 1709 546 40
1738 519 1984 555 tranquillitatem
2016 522 2106 554 atque

1255 555 1356 582 otium.
1399 555 1433 584 G.
1456 557 1502 583 40.
1524 556 1560 584 Η.
1582 557 1608 592 4,
1633 558 1647 584 1
1669 555 1688 583 f.
1714 565 1774 592 pax
1806 560 1835 585 ct
1865 557 1957 593 quies.
2001 556 2036 585 G.
2061 557 2105 584 14.

1255 593 1291 621 Η.
1314 595 1341 629 2,
1364 595 1399 621 97
1421 602 1493 630 pace
1516 597 1545 622 ct
1567 595 1636 622 otio,
1676 595 1713 622 H.
1735 597 1762 630 2,
1780 596 1797 623 (3
1819 596 1907 631 longa
1930 604 2003 631 paee
2025 594 2104 631 quic-

1254 634 1311 659 tus.
1352 631 1389 659 H.
1411 634 1438 668 2,
1462 634 1495 660 17
1517 633 1607 667 longa
1628 641 1697 669 pax.
1738 633 1773 660 A.
1786 636 1830 669 11,
1852 636 1888 662 24
1910 643 1947 661 m.
1969 636 2040 661 tune
2062 641 2106 661 so-

1255 670 1316 698 lida
1339 669 1417 698 domi
1439 670 1522 707 quies
1545 687 1580 691 —
1602 671 1740 699 continua
1762 671 1829 699 inde
1851 680 1885 700 ac
1907 671 1967 700 fida
1988 680 2057 708 pax.

1255 708 1346 736 robur
1367 711 1394 736 ct
1417 709 1504 737 vires.
1545 710 1582 738 H.
1606 712 1630 742 1,
1653 711 1688 738 δί·
1702 719 1739 737 m.
1761 710 1839 738 vires
1861 713 1889 738 ct
1910 711 2001 738 robur
2023 718 2109 738 exer-

1257 747 1342 774 citus.
1383 747 1419 774 H.
1441 749 1469 783 2,
1493 749 1526 776 11
1548 756 1585 776 m.
1608 748 1674 784 plus
1695 747 1800 776 virium
1827 757 1861 777 ac
1883 749 2007 777 roboris.
2048 749 2107 783 Ag.

1257 786 1274 813 3
1295 785 1357 813 voti
1378 785 1516 814 fiduciam
1541 795 1576 813 ac
1606 786 1705 814 robur.
1746 786 1782 814 H.
1806 789 1831 822 1,
1853 789 1888 815 61
1910 787 2015 823 ingens
2036 786 2104 814 viri-

1258 823 1510 862 bus-opibusque..
1551 824 1587 852 H.
1606 826 1632 860 4,
1655 826 1691 853 86
1714 832 1786 860 opes
1807 825 1955 861 viresque.

1263 862 1421 889 sanctitate
1443 871 1477 890 ac
1499 863 1687 890 verecundia.
1732 863 1788 890 Cic.
1806 865 1904 899 pudor
1925 874 1960 891 ac
1981 873 2007 890 v.

1260 900 1420 928 severitate
1447 909 1482 928 ac
1511 901 1677 936 disciplina.
1718 902 1755 929 20
1788 902 1947 930 severitate
1982 901 2111 937 discipli-

1260 946 1326 966 nae.
1378 938 1413 967 G.
1442 940 1478 966 25
1520 939 1676 975 disciplina
1718 942 1746 967 et
1788 940 1957 968 severitate.
2007 940 2042 968 G.
2073 941 2110 968 32

1261 977 1407 1012 equestris
1438 977 1613 1013 disciplinae
1643 980 1717 1006 arte.
1764 979 1801 1006 H.
1831 981 1857 1015 1,
1885 980 1921 1007 51
1951 978 2111 1007 severitate

1262 1015 1446 1051 disciplinae.
1486 1016 1521 1043 A.
1539 1018 1582 1053 13,
1604 1018 1621 1045 2
1644 1017 1803 1045 severitate
1823 1026 1945 1045 morum.
1984 1016 2020 1044 A.
2033 1016 2111 1052 6,15

1263 1062 1366 1081 severa
1388 1054 1482 1090 patris
1505 1054 1661 1091 disciplina
1683 1055 1815 1083 eductus.

1226 1113 1232 1120 .
1263 1092 1364 1119 iudicii
1385 1101 1420 1120 ac
1434 1093 1597 1121 voluntatis
1615 1093 1836 1122 similitudinem
1854 1096 1883 1121 et
1898 1093 2114 1130 cognationem.

1267 1131 1323 1158 Cic.
1336 1131 1468 1165 formam
1493 1132 1647 1159 honestatis
1668 1137 1693 1160 et
1713 1142 1752 1166 s.;
1781 1133 1853 1159 artis
1874 1132 1966 1169 imayo
1989 1136 2015 1160 et
2035 1141 2115 1168 coqu.

1735 1170 1792 1198 Cic.
1813 1171 1906 1198 iacere
1934 1171 1962 1198 in
1988 1169 2113 1197 lacrimis

1266 1212 1292 1235 et
1311 1208 1458 1241 sorclibus;
1478 1208 1661 1244 quotidianae
1685 1211 1704 1236 l.
1723 1210 1878 1246 sordesque
1900 1209 2039 1246 lztyubrcs.

1584 1246 1639 1274 Cic.
1662 1252 1695 1275 st.
1718 1257 1740 1274 c.
1763 1258 1824 1284 que.

1266 1284 1516 1312 sollicitudinibus
1527 1287 1556 1312 et
1567 1285 1654 1314 culis.
1669 1285 1735 1319 Cic„
1743 1286 1818 1313 Plz'n.
1829 1296 1900 1313 cura
1911 1289 1938 1313 et
1946 1284 2117 1313 sollicitudo.

1265 1331 1322 1358 quo
1348 1324 1488 1359 torrente,
1516 1332 1573 1358 quo
1600 1323 1721 1360 impetu.
1765 1324 1936 1358 evaseran-
1957 1323 2041 1360 quasi
2061 1327 2118 1350 tor-

1266 1370 1332 1389 rens
1359 1361 1461 1388 oratio.
1502 1361 1578 1388 Ptin.
1610 1364 1634 1398 1,
1663 1364 1698 1390 16
1725 1372 1786 1390 cum
1813 1362 1916 1398 impetu
1941 1362 2066 1398 quodam
2091 1365 2119 1388 et

1257 1399 1376 1436 δΓῑιιῃιίηε
1397 1398 1601 1436 [αἷ.]“ιιῖηιίη())
1618 1401 1858 1436 ριάευε]ιαηίαι“.’

1229 1458 1236 1465 .
1266 1445 1320 1464 usu
1341 1439 1370 1464 et
1392 1437 1611 1473 experimentis.
1637 1439 1694 1467 Cic.
1706 1449 1731 1466 u.
1745 1439 1968 1475 exercitatioque
1975 1437 2118 1473 forensis.

1191 1478 1236 1505 30.

1193 1517 1237 1544 19.

1267 1475 1394 1503 oratoris
1415 1475 1461 1503 vis
1482 1478 1511 1503 ct
1532 1475 1669 1504 facultas.
1687 1511 1689 1514 ι
1713 1476 1769 1504 Cic.
1793 1482 1865 1505 orat.
1881 1487 1905 1504 υ.
1918 1477 2000 1511 etf.;
2021 1476 2119 1507 Quint.

1267 1513 1312 1541 vis
1338 1522 1373 1541 ae
1394 1516 1539 1550 potestas.
1580 1515 1616 1542 H.
1639 1517 1665 1551 2,
1688 1516 1733 1544 39.
1756 1516 1792 1543 H.
1808 1517 1835 1552 3,
1856 1517 1889 1543 11
1911 1514 1931 1542 f.
1945 1515 1990 1543 vis
2011 1523 2047 1542 ac
2068 1522 2118 1550 po-

1267 1554 1371 1580 testas.
1413 1552 1447 1580 G.
1470 1554 1506 1580 42
1527 1553 1573 1581 vis
1594 1556 1624 1581 et
1644 1553 1788 1589 potentia.

1270 1590 1329 1618 vim
1351 1592 1380 1618 et
1401 1590 1546 1619 ardorem.
1585 1591 1643 1628 Ag.
1665 1594 1683 1620 S
1705 1592 1764 1619 vim
1789 1592 1994 1628 ardoremque.

1272 1630 1307 1657 62
1328 1638 1366 1656 m.
1387 1629 1476 1656 ardor
1497 1632 1526 1659 et
1547 1629 1592 1659 vis
1613 1630 1748 1658 militum.

2033 1590 2070 1623 Η.
2093 1592 2120 1626 1⁷

1234 1690 1240 1696 .
1271 1667 1385 1696 viribus
1403 1669 1433 1695 et.
1450 1668 1549 1697 armis.
1579 1669 1636 1697 Cic.
1646 1669 1677 1696 vi
1690 1674 1716 1696 ct
1731 1669 1828 1696 armis.
1854 1669 1891 1697 H.
1909 1671 1936 1705 2,
1957 1669 1994 1697 74
2009 1667 2119 1700 bellum

1272 1714 1413 1742 armaque
1425 1721 1460 1725 —
1473 1711 1501 1735 et
1523 1707 1610 1735 vires.
1639 1707 1675 1734 H.
1687 1708 1714 1743 4,
1725 1708 1761 1735 23
1774 1707 1819 1735 vis
1832 1710 1860 1735 et
1875 1716 1967 1735 arma.
1994 1706 2032 1735 H.
2043 1707 2072 1742 4,
2084 1707 2121 1734 68

1273 1744 1333 1771 vim
1343 1748 1437 1781 atque
1458 1755 1549 1774 arma.
1570 1746 1628 1782 Ag.
1640 1746 1678 1774 30
1691 1745 1835 1781 proelium
1851 1748 1942 1782 atque
1952 1753 2043 1773 arma.
2064 1744 2121 1780 Ag.

1273 1784 1319 1810 25.
1341 1784 1378 1811 33
1398 1791 1502 1812 manus
1524 1786 1553 1812 et
1574 1793 1665 1812 arma.
1706 1783 1762 1819 Ag.
1787 1786 1822 1812 14
1842 1784 1872 1811 vi
1897 1784 2044 1819 belloque.
2084 1783 2122 1810 H.

1273 1823 1300 1856 2,
1324 1823 1339 1848 1
1361 1830 1442 1849 arma
1464 1823 1642 1859 bellumque.
1681 1823 1719 1851 H.
1741 1824 1768 1857 4,
1797 1824 1834 1851 52
1867 1822 1944 1851 bello
1972 1824 2002 1849 et
2022 1821 2123 1849 armis.

1274 1859 1310 1888 H.
1333 1860 1360 1896 4,
1383 1860 1418 1888 76
1439 1860 1548 1889 ferrum
1576 1864 1606 1889 et
1632 1869 1723 1889 arma.
1764 1861 1801 1888 H.
1822 1862 1851 1897 4,
1873 1862 1909 1889 58
1928 1859 2072 1897 proelium
2093 1861 2124 1886 et

1273 1899 1364 1928 acies.
1403 1897 1438 1926 A.
1460 1901 1487 1937 2,
1508 1901 1544 1928 21
1565 1908 1683 1935 pugnae
1711 1902 1740 1927 et
1766 1907 1922 1927 armorum.
1963 1897 1999 1926 G.
2021 1898 2057 1927 33
2078 1905 2123 1925 ar-

1274 1939 1329 1966 mis
1351 1937 1486 1974 telisque.
1527 1938 1564 1966 H.
1586 1939 1613 1974 3,
1635 1939 1673 1966 20
1693 1938 1783 1966 armis
1803 1946 1839 1965 ae
1860 1945 1956 1967 manu.
1996 1936 2034 1966 H.
2046 1936 2073 1972 3,
2085 1935 2123 1964 53

1274 1985 1361 2005 manu
1383 1977 1412 2003 et
1433 1977 1531 2005 armis.
1572 1976 1628 2012 Ag.
1651 1978 1687 2004 3ss
1713 1976 1752 2004 ad
1778 1983 1932 2004 mucrones
1953 1976 1984 2002 et
2009 1982 2124 2002 manus.

1274 2016 1311 2043 H.
1326 2017 1353 2051 3,
1377 2016 1414 2043 10
1434 2014 1473 2042 ad
1493 2015 1553 2043 tela
1575 2017 1603 2042 et
1625 2023 1738 2043 manus.
1777 2014 1814 2042 A.
1830 2016 1874 2049 13,
1887 2015 1904 2042 6
1924 2012 1993 2041 telis
2014 2014 2044 2040 et
2064 2020 2123 2039 ma-

1274 2054 1370 2082 nibus.
1410 2054 1468 2089 Ag.
1489 2054 1526 2082 33
1548 2053 1655 2082 castris
1684 2056 1713 2081 ct
1740 2053 1838 2085 armis.
1879 2051 1916 2080 H.
1938 2052 1965 2087 2,
1987 2052 2023 2079 92
2045 2049 2124 2078 bello

1275 2095 1304 2120 et
1325 2092 1440 2121 castris.
1480 2092 1515 2120 A.
1538 2094 1583 2129 14,
1605 2092 1643 2119 20
1664 2092 1769 2120 militia
1792 2093 1821 2119 et
1841 2090 1939 2119 armiS.

1899 2127 1956 2156 Cic.
1991 2128 2126 2163 voluptas

1275 2180 1348 2207 quae
1370 2179 1430 2196 cum
1452 2169 1621 2197 incarnatam
1642 2170 1767 2204 quadam
1785 2167 1945 2204 percipitur
1965 2165 2100 2194 sensibus.

1237 2229 1245 2236 .
1275 2208 1382 2244 vulgus
1403 2216 1521 2244 quoque
1543 2207 1710 2244 imperitum
1733 2209 1762 2235 et
1787 2205 1939 2237 tunicatus
1965 2204 2013 2232 hie
2034 2211 2126 2240 popu-

1275 2247 1331 2275 lus.
1369 2245 1426 2281 Ag.
1448 2247 1485 2274 43
1513 2246 1620 2282 vulgus
1649 2253 1767 2282 quoque
1793 2246 1822 2272 et
1850 2243 1897 2271 hic
1923 2242 2006 2270 aliud
2031 2250 2127 2278 agens

1276 2285 1412 2321 populus.
1453 2284 1489 2312 H.
1513 2287 1538 2320 1,
1565 2286 1583 2314 8
1609 2284 1716 2319 vulgus
1745 2285 1775 2311 et
1806 2280 2010 2317 magnitudine
2035 2279 2127 2308 nimia

1278 2322 1473 2352 communium
1499 2331 1634 2351 curarum
1669 2329 1776 2357 expers
1804 2320 1939 2356 populus.
1980 2319 2017 2350 H.
2041 2320 2066 2355 1,
2089 2318 2126 2346 35

1276 2371 1335 2390 non
1356 2361 1482 2398 populus
1503 2364 1617 2389 tantum
1638 2362 1668 2388 et
1689 2359 1825 2395 imperita
1845 2358 1941 2394 plebs.
1982 2358 2020 2386 H.
2042 2359 2068 2392 1,
2089 2356 2127 2384 36

1276 2409 1314 2428 m.
1337 2403 1478 2436 tanquam
1499 2399 1528 2427 in
1549 2399 1659 2436 populo
1679 2406 1715 2426 ac
1735 2397 1832 2434 plebe.
1872 2397 1910 2425 H.
1927 2400 1953 2433 1,
1974 2397 2012 2424 40
2031 2401 2127 2436 neque

1275 2439 1378 2475 populi
1399 2441 1449 2466 aut
1469 2437 1566 2475 plebis
1586 2437 1647 2465 ulla
1668 2444 1735 2463 vox.
1752 2436 1792 2466 A.
1806 2437 1834 2472 2,
1849 2437 1885 2466 41
1897 2435 1917 2462 f.
1938 2435 2024 2464 favor
2044 2433 2127 2467 vulg!

1278 2492 1315 2496 —
1336 2476 1432 2513 plebis
1454 2475 1560 2505 studiis
1581 2492 1617 2496 —
1637 2474 1739 2511 populi
1759 2474 1794 2503 R.
1816 2481 1942 2502 amores.
1982 2472 2020 2502 H.
2041 2473 2068 2508 1,
2089 2470 2127 2500 82

1278 2524 1315 2543 m.
1338 2524 1421 2544 rarus
1440 2523 1494 2551 per
1513 2522 1578 2543 vias
1598 2513 1735 2550 populus,
1756 2514 1871 2541 maesta
1890 2511 1987 2549 plebs.
