2238 2735
963 74 1181 106 -27-

187 169 224 197 H.
248 171 275 206 4,
297 171 333 199 69
356 172 473 198 constat
495 169 657 199 obstitisse.
698 170 734 198 A.
750 172 794 207 14,
817 172 855 199 44
876 179 913 199 m.
936 172 1043 201 consti-
1177 172 1215 200 H.
1237 173 1264 208 4,
1287 173 1325 201 SO
1352 172 1447 201 levior
1468 173 1622 209 viliorque.
1663 172 1699 200 H.
1722 174 1749 209 5,
1772 175 1789 203 5
1811 174 1830 202 f.
1853 174 2029 203 Iudaeorum

227 208 261 236 tit
284 209 444 237 exstitisse.
1215 219 1279 239 mos
1302 211 1439 239 sordidus
1461 211 1677 247 absunlusque.

188 247 224 274 H.
247 249 274 283 3,
301 249 336 276 55
368 247 510 275 festinare
537 263 575 266 —
602 247 782 276 destinabat.
823 247 880 284 Ag.
907 249 944 277 33
971 257 1043 285 ergo
1175 249 1212 277 H.
1235 251 1261 284 3,
1283 251 1320 278 49
1343 256 1441 278 cetera
1465 259 1500 278 ex
1523 250 1612 285 facili,
1636 258 1687 278 seu
1708 249 1847 280 felicitas.

228 286 351 322 egressi.
1174 288 1210 316 A.
1235 290 1279 317 13.
1301 290 1337 316 47
1360 289 1484 317 celebris
1506 289 1658 316 noc-turnis
1680 289 1847 318 inlecebris.

188 324 224 352 H.
246 326 273 361 2,
295 326 332 353 84
353 324 392 352 ad
413 323 591 353 obtinendas
613 324 786 361 iniquitates
812 324 892 354 haud
919 326 1042 362 perinde
1174 326 1211 354 H.
1233 328 1260 356 3.
1283 328 1319 354 76
1341 326 1359 354 f.
1387 328 1453 363 plus
1485 327 1615 355 invidiae
1643 336 1731 364 quam
1757 328 1863 357 virium
1894 329 2030 365 partibus

227 363 407 392 obstinante.
1213 365 1356 394 addebat.

454 467 506 520 C
514 468 770 520 OMPL
782 469 992 521 0810
1040 470 1092 521 S
1103 470 1528 522 YLLABAR
1541 471 1684 522 UM.

657 579 717 609 Cfr.
739 580 834 609 Pabst
853 589 882 617 p.
906 582 950 610 19.
972 580 1189 617 Reisig-Haase
1211 591 1239 618 p.
1262 583 1317 611 823
1339 582 1479 618 (Ve1·gil.l

110 670 156 697 26.
188 667 418 704 Compositionis
439 666 629 696 histrionales
650 667 764 695 modos.
1095 670 1142 698 36.
1173 669 1291 697 flamma
1312 670 1446 698 materia.

186 707 243 743 Ag.
267 709 299 734 11
325 706 418 735 Gallis
440 706 486 734 his
508 706 557 741 (ex
580 706 655 734 eoni.
678 706 799 743 Wexii).
1172 708 1208 736 A.
1232 711 1276 744 11,
1301 710 1335 737 19
1358 708 1416 737 fida
1439 709 1527 737 datis.

129 748 155 774 3.
186 746 253 774 ille:
276 745 369 781 leges.
412 747 447 774 19
470 744 537 772 (111111
558 745 601 772 1111
622 745 724 773 libeat.
1097 747 1142 775 14.
1174 747 1297 775 similior
1319 747 1424 775 oratio.

186 785 222 812 H.
246 786 272 819 5,
300 786 326 812 5.
347 784 382 812 A.
407 786 451 819 14,
478 785 514 811 21
544 782 564 811 f.
590 783 664 811 nihil
692 783 846 812 inlicitum.
887 783 923 812 A.
949 786 976 821 3,
1003 786 1039 813 55
1095 787 1142 814 41.
1172 786 1268 813 minor
1289 791 1449 814 011110111111.

226 822 283 851 0011
305 822 427 851 1101111111.
1174 825 1211 852 H.
1233 826 1261 860 2,
1285 826 1319 853 Te
1341 834 1378 852 111.
1402 825 1587 862 splendidior
1608 827 1731 863 origine.

185 861 221 889 A.
245 864 271 897 1,
294 862 310 890 9
333 862 382 889 illo
404 862 510 889 locum.
550 861 607 897 Ag.
629 862 666 890 20
688 860 707 889 f.
730 861 780 890 illa
806 861 969 890 illacessita
991 862 1040 899 (ex
1115 864 1142 891 5.
1174 863 1238 899 ipse
1261 872 1392 892 securus.

225 900 301 928 coni.
324 900 445 935 Wexii).
1174 901 1210 930 G.
1232 903 1268 930 33
1291 902 1355 938 ipso
1378 903 1450 930 solo.

110 940 153 966 12.
184 938 317 975 proferre
339 947 492 976 responsa.
1172 940 1229 977 Ag.
1252 942 1298 969 32.
1321 940 1356 969 G.
1378 943 1404 969 2.
1427 942 1461 970 A.
1485 944 1511 978 6,
1533 943 1586 976 25;
1611 943 1655 978 15,
1678 944 1714 972 53
1736 943 1793 972 nisi
1815 944 1850 972 si.

186 977 221 1006 G.
244 979 280 1006 39
303 977 423 1005 barbari
446 977 529 1005 ritus.
1172 979 1208 1007 A.
1231 982 1277 1014 11,
1302 981 1336 1008 14
1358 980 1501 1016 impressa
1526 982 1615 1009 saxis.

185 1016 222 1044 H.
244 1018 271 1051 5,
295 1018 310 1044 Τ
332 1021 503 1052 putrescere
524 1024 600 1044 reor.
641 1016 678 1044 H.
700 1018 727 1053 4,
750 1018 786 1044 42
813 1025 849 1045 ex
875 1017 977 1045 funere
999 1018 1041 1046 rei
1080 1018 1141 1047 23.
1172 1018 1215 1046 sie
1236 1018 1405 1046 libertatem
1428 1020 1611 1055 temperatis.

224 1055 372 1091 publicae.
1173 1056 1208 1085 A.
1230 1058 1258 1092 2,
1280 1059 1317 1085 40
1340 1058 1547 1086 eredulitatem
1570 1058 1712 1095 temporis
1734 1076 1780 1087 —-.

186 1093 222 1122 H.
245 1095 272 1129 2,
297 1097 311 1122 1
335 1093 424 1122 decor
446 1093 513 1122 oris.
554 1093 589 1122 A.
612 1095 639 1130 4,
662 1095 698 1122 37
721 1103 845 1131 quorum
867 1104 992 1123 rumore.
1096 1096 1141 1124 13.
1173 1096 1252 1124 servi
1273 1095 1422 1124 videntur.
1481 1099 1498 1125 2
1521 1097 1668 1126 arbitratu
1689 1101 1750 1126 tuo.

636 1199 717 1250 Η
717 1200 857 1252 OM
857 1200 979 1251 OE
987 1200 1042 1251 Ο
1053 1200 1298 1251 TELE
1309 1200 1504 1252 UTA.

111 1305 170 1335 cfr.
192 1305 296 1334 Pabst.
317 1307 363 1335 25.
386 1305 602 1342 Reisig-Haase
623 1307 689 1335 823.
716 1307 823 1335 Muret.
846 1307 915 1335 Var.
936 1306 1021 1334 Lect.
1044 1309 1069 1342 1,
1094 1308 1138 1335 15.
1166 1307 1227 1336 Cic.
1249 1308 1332 1336 Lael.
1356 1307 1402 1336 ed.
1432 1308 1559 1344 Seyffert
1589 1311 1643 1338 471
1673 1318 1716 1346 sq.
1748 1310 1844 1339 omnia
1875 1313 2030 1347 praeclara

869 1354 947 1380 rara,
968 1346 1100 1381 pleniore
1123 1354 1184 1382 ore,
1205 1346 1274 1374 alia.

111 1435 156 1461 311.
186 1432 233 1460 Ex
260 1432 388 1460 omnium
411 1441 507 1460 rerum
535 1432 661 1460 seientia
688 1431 820 1461 exundat
849 1435 879 1460 et
900 1432 1045 1461 exuberat
1216 1435 1253 1461 37
1274 1442 1312 1461 m.
1339 1437 1419 1462 terra
1447 1435 1591 1471 caelove.)
1631 1436 1688 1472 Ag.
1718 1438 1754 1465 45
1780 1437 2030 1467 nobilissimarum

188 1471 239 1498 illa
261 1470 446 1499 admirabilis
468 1471 648 1507 eloquentia.
1215 1471 1399 1501 feminarum.

112 1512 156 1538 11.
188 1509 377 1538 securitatem
408 1510 512 1538 melius
546 1509 716 1537 innocentia
745 1512 831 1538 tueor
862 1518 951 1546 quam
986 1511 1043 1538 elo-
1176 1510 1213 1539 H.
1236 1513 1261 1545 1,
1284 1513 1319 1540 37
1337 1511 1459 1540 tristitia
1481 1515 1510 1540 et
1531 1513 1669 1541 avaritia.

189 1548 319 1584 quentia.
1117 1550 1145 1577 4.
1176 1550 1356 1578 sanctiorem
1378 1550 1458 1578 illam
1481 1554 1510 1579 et
1536 1552 1739 1588 augustiorem
1761 1553 1960 1589 eloquentiam
1984 1564 2028 1583 eo-

188 1586 226 1614 H.
248 1588 275 1623 4,
304 1588 340 1615 53
367 1586 387 1614 f.
414 1586 557 1615 militibus
587 1586 729 1615 Romanis
760 1589 812 1615 aut
842 1586 1043 1615 innocentiam
1175 1588 1244 1616 lam.
1284 1590 1300 1617 5
1322 1589 1449 1617 Lollium
1481 1590 1607 1618 Bassum
1644 1600 1733 1627 quum
1760 1592 1901 1628 optimum
1934 1593 2029 1622 virum

227 1624 304 1653 detis
317 1628 368 1654 aut
384 1629 530 1654 maturam
553 1628 581 1653 et
604 1626 666 1654 sine
687 1635 766 1654 noxa
787 1626 1011 1662 paenitentiam.
1176 1630 1238 1655 tum
1259 1627 1513 1656 absolutissinuun
1535 1633 1663 1665 poetam.

266 1664 314 1700 (G.
349 1666 385 1693 35
423 1664 658 1701 magnitudinem
695 1674 778 1693 suam
811 1665 895 1693 malit
929 1665 1042 1693 iustitia
1174 1666 1212 1693 H.
1241 1668 1267 1701 1,
1299 1668 1335 1695 90
1367 1667 1604 1696 Neronianarum
1646 1668 1809 1697 sectionum
1841 1671 1970 1699 nondum
2003 1673 2030 1699 in

226 1703 324 1736 tueri.)
1215 1703 1328 1733 fiscum.

113 1744 158 1771 13.
189 1741 237 1769 vel
259 1741 405 1778 dignitate
426 1742 506 1769 vitae
528 1742 576 1769 vel
597 1742 798 1778 perpetuitate
819 1741 926 1770 famae.
1176 1743 1211 1771 A.
1235 1745 1279 1779 15,
1307 1745 1343 1772 37
1370 1744 1589 1780 superpositum
1617 1745 1784 1774 convivium
1814 1747 1933 1776 navium
1960 1749 2032 1777 alia-

188 1780 246 1816 Ag.
268 1782 304 1809 45
325 1789 384 1808 non
405 1780 484 1808 vitae
506 1784 622 1808 tantum
643 1781 780 1810 claritate
802 1781 855 1809 sed
882 1781 971 1809 etiam
993 1790 1042 1818 op-
1214 1791 1278 1810 rum
1300 1785 1321 1810 t.
1343 1792 1381 1810 111.

227 1819 411 1856 portunitate
431 1819 544 1851 mortis.
1178 1820 1215 1849 H.
1237 1822 1264 1856 2,
1292 1822 1329 1849 43
1358 1821 1431 1850 satis
1460 1821 1516 1849 sibi
1546 1822 1682 1860 nominis,
1711 1824 1784 1853 satis
1815 1826 1944 1861 posteris
1970 1827 2030 1855 suis

188 1858 224 1887 A.
248 1860 292 1894 11,
314 1859 350 1886 22
372 1857 392 1885 f.
415 1866 451 1886 ex
474 1857 620 1894 dignitate
642 1857 870 1887 candidatorum
900 1861 952 1887 aut
974 1858 1044 1887 faci<
1215 1859 1390 1888 nobilitatis.

227 1897 312 1924 litate
334 1896 535 1925 tribuentium.
1120 1900 1148 1927 7.
1177 1898 1255 1927 latus
1288 1899 1391 1926 clavus
1427 1899 1546 1928 oblatus
1580 1904 1633 1929 est.
1695 1902 1732 1929 24
1764 1910 1819 1930 1100
1852 1911 2031 1940 quemquam

188 1935 225 1964 A.
248 1938 273 1970 1,
301 1936 337 1964 36
367 1935 534 1972 periculosa
566 1936 720 1973 severitas,
742 1936 894 1972 flagitiosa
915 1936 1045 1973 largitio.
1177 1940 1311 1965 nostrum
1333 1946 1522 1974 quamquam.

112 1977 157 2003 21.
188 1974 378 2011 propioribus
399 1974 539 2002 moribus.
580 1976 616 2003 29
638 1975 715 2003 serio
741 1975 914 2004 ministerio.
948 1977 963 2004 7
986 1984 1044 2012 quo
1099 1977 1146 2005 31.
1177 1976 1227 2012 qui
1249 1976 1314 2012 seit,
1337 1976 1409 2014 quid
1431 1977 1468 2005 sit
1490 1977 1531 2005 ira
1555 1993 1592 1996 —
1614 1978 1664 2015 qui
1688 1978 1744 2007 scit
1766 1979 1837 2016 quid
1860 1980 1897 2009 sit
1919 1981 2029 2010 miseri—

189 2013 277 2041 homo
299 2022 404 2041 novus.
1177 2014 1289 2043 cordia.

189 2052 225 2080 A.
249 2054 293 2088 11,
316 2053 353 2080 24
379 2051 399 2079 f.
422 2051 479 2079 iam
507 2052 647 2089 moribus,
675 2052 800 2089 artibus,
827 2052 1043 2081 adfinitatibus.
1177 2053 1212 2082 G.
1234 2055 1272 2081 40
1299 2053 1370 2090 quid
1403 2054 1440 2082 sit
1472 2054 1501 2082 id
1530 2055 1609 2091 quod
1638 2058 1752 2084 tantum
1775 2057 1898 2093 perituri
1919 2058 2030 2087 vident.

229 2091 266 2119 H.
288 2092 315 2127 3,
338 2092 374 2119 83
396 2090 546 2118 luxurioso
569 2092 629 2119 otio
651 2091 815 2119 libidinum.
1216 2092 1267 2120 cfr.
1289 2092 1408 2120 Ernest.
1431 2093 1469 2120 ad
1490 2093 1519 2122 11.
1542 2094 1560 2122 l.

190 2130 227 2158 H.
251 2132 276 2166 1,
298 2131 335 2158 44
356 2129 375 2157 f.
398 2138 457 2157 non
478 2128 589 2157 honore
611 2129 736 2166 Galbae,
757 2129 812 2158 sed
832 2129 943 2158 tradito
964 2130 1043 2167 prin·
1175 2131 1212 2159 H.
1225 2132 1251 2166 3,
1265 2132 1299 2159 21
1317 2140 1406 2167 aegre
1420 2132 1566 2160 tolerante
1588 2133 1681 2161 milite
1702 2142 1795 2170 prope
1811 2134 1985 2163 seditionem
2002 2145 2029 2163 v.

229 2168 345 2205 cipibus
366 2177 457 2196 more.
1176 2170 1214 2197 H.
1237 2172 1262 2205 1,
1284 2171 1320 2198 37
1331 2179 1491 2206 numquam
1504 2171 1592 2198 datur
1614 2175 1644 2200 et
1665 2172 1799 2208 quotidie
1822 2174 2029 2209 exprobratur.

192 2207 226 2236 G.
248 2209 285 2236 29
307 2210 404 2235 terrae
427 2215 497 2235 suae
525 2207 588 2234 solo
615 2208 643 2234 et
673 2207 766 2235 eaelo.
808 2207 858 2243 (G.
880 2209 898 2235 4
919 2206 938 2235 f.
960 2208 1042 2236 eaelo
1176 2208 1214 2236 H.
1243 2211 1268 2243 1,
1297 2210 1335 2237 84
1364 2218 1527 2245 paucorum
1558 2210 1645 2246 eulpa
1679 2210 1744 2247 t'uit,
1776 2210 1899 2240 duorum
1934 2222 2029 2249 poena

230 2247 341 2274 solove.
383 2245 419 2274 H.
450 2248 476 2281 1,
498 2246 534 2273 51
556 2245 674 2281 ingenio
695 2246 753 2274 loci
774 2246 918 2282 caelique.
964 2247 1000 2275 A.
1016 2248 1042 2283 G,
1215 2247 1280 2275 erit.

374 2338 716 2390 HOMOE
724 2339 779 2389 0
789 2339 1035 2391 TELE
1045 2339 1218 2392 UTA
1262 2341 1390 2393 Ml
1391 2341 1495 2392 TI
1495 2341 1608 2392 GA
1623 2343 1754 2393 TA.

115 2449 160 2476 31.
191 2446 315 2475 Artibus
336 2445 668 2482 exercitationibusque.
1176 2448 1212 2476 A.
1234 2448 1253 2475 4
1274 2448 1463 2484 eloquentiae
1486 2448 1718 2484 sapientiaeque.

115 2488 160 2515 37.
190 2494 298 2522 operae
321 2493 476 2522 curaeque.
1176 2486 1213 2515 A.
1234 2488 1264 2521 4,
1284 2488 1320 2515 59
1342 2486 1490 2514 amicitiae
1513 2488 1766 2525 constantiaeque.

192 2525 226 2553 A.
250 2525 295 2560 16,
317 2525 334 2552 2
356 2523 560 2553 narratoribus
582 2523 822 2559 oratoribusque.
1177 2525 1214 2553 H.
1236 2526 1264 2561 4,
1285 2526 1321 2553 27
1343 2525 1480 2553 licentiae
1502 2525 1733 2562 patientiaeque.
