2238 2735
273 146 288 154 s

194 213 300 243 Oura.
341 213 378 241 D.
400 212 418 241 3
438 210 538 249 priore
567 220 637 239 cura
665 209 790 247 (ἕᾶπίᾒ,
813 207 900 244 chf)
921 223 959 228 -—
979 216 1077 236 novae

137 252 317 289 cogitationi
338 254 355 280 6
376 259 485 279 novam
507 260 530 278 c.
554 249 658 286 (918118).
688 249 746 284 Ag.
769 249 806 276 10
826 247 856 274 in
878 246 1077 283 comparatio

134 301 203 321 0801
226 299 324 323 curae.
364 291 400 318 A.
422 291 450 325 4,
474 291 507 317 11
531 296 654 325 quorum
679 287 709 314 in
736 294 842 314 manus
873 294 944 313 cura
974 287 1077 313 nostra

134 329 262 359 venerit.
302 330 338 357 A.
369 330 396 365 3,
423 329 462 356 24
489 327 515 356 51
537 343 570 347 -
592 327 694 363 plures
715 325 754 353 ad
782 332 869 352 curas
890 323 983 352 vitam
1004 332 1074 360 pro-

137 369 262 397 duxero.

197 406 349 435 Cursus.
391 406 428 434 D.
461 406 500 434 20
529 414 613 432 cursu
640 404 894 439 argumentorum.
934 401 972 428 H.
995 402 1020 437 1,
1041 402 1078 429 48

137 454 226 474 cursu
247 445 391 472 honorum
413 444 567 472 inoffensO.
596 443 654 478 Ag.
676 443 712 470 39
733 448 832 469 rerum
853 448 980 468 cursum.
1020 440 1078 476 Ag.

138 484 278 513 continuo
299 482 479 520 proeliorum
501 490 526 510 e.

194 561 252 589 De.
293 560 330 588 D.
355 560 391 588 37
414 560 448 587 de
467 575 504 578 ——
525 567 564 586 an
594 558 637 585 de.
660 556 695 586 G.
718 558 756 585 10
777 555 812 583 de
833 573 871 576 -
892 555 938 584 de.
980 554 1015 584 G.
1042 556 1080 583 24

139 599 175 628 (18
195 599 337 627 libertate
359 606 394 625 ae
424 598 460 626 de
483 604 607 633 corpore
635 595 684 632 (A.
718 598 742 627 1,
772 597 809 623 27
832 594 871 622 11(1
892 611 930 614 —-
951 603 988 621 an
1017 593 1079 629 ad).

140 637 187 667 Cf.
210 638 242 665 P.
265 638 279 665 I
300 645 328 673 p.
351 638 397 665 30.
419 636 455 665 G.
479 637 495 664 7
517 635 556 664 ad
578 651 615 654 —
637 634 685 662 ad.
717 634 755 662 H.
778 636 804 670 1,
826 635 861 661 51
884 633 924 660 ad
944 641 1028 660 usum
1051 634 1080 660 et

139 676 179 705 ad
201 676 302 704 decus.
342 675 378 704 A.
404 676 431 711 2,
453 676 489 703 82
511 676 581 702 ante
602 689 639 692 —
655 682 682 702 a.
705 673 743 701 H.
768 675 793 709 1,
815 672 862 701 52.
906 671 942 701 Α.
976 672 1021 700 13.
1043 672 1080 700 35

139 715 203 743 5108
224 730 261 734 -—
284 723 306 742 5.
330 714 368 742 H.
396 716 421 749 1,
445 715 461 741 9
484 722 507 741 s.
523 711 863 748 —s.—-ne..quidem.
888 709 923 739 G.
945 711 983 738 29
1002 710 1080 737 ultra

140 769 177 773 —
199 753 349 789 ultraque.
374 752 410 782 G.
434 754 469 780 17
492 754 576 779 extra
597 768 635 771 —-
652 753 806 786 extraque.

199 792 332 820 Decor.
375 791 412 819 D.
435 792 473 819 20
493 789 629 826 poeticus
651 790 747 817 decor.
769 790 806 816 21
828 796 937 815 nervos
960 787 1080 822 (oratio-

140 829 220 863 nem)
244 831 330 857 decor
353 829 551 857 commendat.
594 828 628 856 G.
650 829 687 856 24
709 826 886 855 exercitatio
914 830 1008 854 artem
1030 834 1080 863 pa-

140 869 228 904 ravit,
250 877 299 896 ars
321 868 471 896 decorem.
495 868 532 896 H.
554 869 582 903 2,
605 869 620 894 1
644 866 734 894 (18801
767 865 827 893 0115
859 874 925 893 cum
951 865 1081 901 quadam

142 907 312 936 maiestate.

1085 110 1104 143 9

204 945 384 974 Dedecet.
428 945 465 974 D.
492 946 529 973 27
558 953 627 972 nam
651 926 688 972 kt
717 951 772 971 vos
799 942 910 970 offendi
940 942 1083 970 dedecebit

146 984 197 1022 (ex
219 984 295 1012 coni.
311 983 482 1012 Snencreli'·
532 983 599 1011 eriz.
621 984 695 1010 et—
710 981 786 1017 dcc.)

230 1031 257 1050 8(
269 1031 355 1050 88818
377 1023 420 1051 cl.
442 1022 588 1058 imagines
610 1020 778 1049 videbatur.

204 1062 253 1089 De
265 1061 388 1089 fendo.
428 1061 464 1089 D.
487 1063 503 1089 7
526 1060 600 1088 tueri
619 1062 649 1088 et
670 1060 831 1094 defendere.
873 1058 907 1087 G.
940 1060 975 1086 14
1001 1059 1083 1087 illum

146 1099 318 1131 defendere,
345 1099 432 1128 tueri.
462 1115 500 1118 ——
527 1099 563 1127 D.
586 1100 602 1127 7
625 1099 778 1133 defendere
805 1098 899 1125 datur.
940 1097 975 1125 A.
997 1099 1025 1134 4,
1047 1099 1085 1127 60

144 1138 260 1166 Neroni
281 1138 442 1166 defendere
464 1137 594 1166 daretur.
634 1137 670 1166 A.
697 1138 724 1173 6,
756 1138 774 1165 8
805 1135 940 1164 defensio
969 1138 997 1164 et
1017 1145 1084 1172 pro-

143 1177 237 1205 misca
261 1176 401 1204 dabitur?

202 1216 405 1251 Degenero.
446 1215 483 1243 D.
504 1216 540 1243 27
557 1215 694 1248 libertate,
716 1223 734 1242 a
757 1222 816 1251 qua
841 1213 1084 1250 deyeizerarimzes.

145 1254 180 1283 G.
203 1255 240 1282 45
262 1262 322 1281 non
342 1253 431 1281 modo
466 1263 484 1282 a
516 1253 666 1290 libertate,
698 1253 752 1281 sed
783 1252 875 1281 etiam
901 1260 917 1279 a
940 1252 1084 1281 servitute

145 1293 337 1328 degenerant.
565 1312 579 1318 ..

204 1331 230 1359 D
244 1331 300 1358 ein
311 1330 328 1358 d
341 1339 365 1359 e.
406 1331 442 1359 D.
464 1332 500 1359 41
523 1330 671 1367 quomodo
694 1330 803 1358 deinde.
845 1331 882 1358 26
909 1329 1035 1365 singulis
1057 1330 1084 1358 d.

148 1369 292 1406 singulos.
314 1370 371 1406 Ag.
394 1371 412 1397 8
434 1369 519 1397 brevi
541 1369 568 1397 (1.
610 1369 646 1397 H.
669 1370 696 1405 3,
726 1370 764 1398 10
783 1369 917 1398 adventu
943 1368 971 1397 d.
992 1368 1084 1405 legio-

149 1417 228 1436 num.
251 1408 287 1436 A.
311 1409 356 1444 15,
380 1409 414 1436 61
438 1408 554 1436 18110111
575 1407 603 1435 (1.

205 1447 358 1482 Delego.
409 1447 446 1475 D.
479 1448 516 1475 29
548 1446 644 1481 iigf'an's
673 1447 822 1484 delegatur
853 1446 1019 1475 Graeculae
1048 1463 1086 1466 ——

145 1485 277 1513 ancillae.
320 1485 354 1514 G.
376 1487 414 1513 20
435 1494 488 1513 51111
511 1493 658 1521 quemque
679 1488 775 1513 mater
795 1485 938 1514 uberibus
958 1484 1011 1513 alit
1031 1493 1086 1513 nee

146 1523 264 1551 ancillis
284 1527 335 1552 aut
362 1523 529 1552 nutricibus
551 1523 729 1560 delegantur
758 1540 795 1544 -—-
815 1524 849 1552 D.
873 1526 909 1553 35
932 1523 1086 1552 suasoriae

146 1561 246 1598 pueris
268 1562 443 1599 dclegyantur.
484 1562 520 1590 A.
549 1563 594 1598 13,
620 1564 658 1591 43
687 1563 785 1598 pretia
816 1563 961 1591 scelerum
982 1561 1087 1598 adepti

148 1600 263 1629 58818111
285 1600 350 1636 ipsa
372 1601 439 1629 aliis
462 1600 610 1637 delegent.

206 1639 364 1668 Demum.
406 1640 442 1667 D.
464 1641 501 1667 21
533 1647 568 1667 ea
600 1640 710 1668 demzmz
735 1639 861 1676 pulchra
889 1641 943 1668 est.
984 1639 1041 1675 Ag.
1069 1639 1086 1667 3

146 1686 224 1706 nunc
247 1677 364 1705 demum
382 1677 461 1706 redit
479 1678 604 1706 animus.
628 1678 662 1707 G.
685 1680 720 1707 31
743 1681 805 1706 10111
829 1679 856 1708 d.
879 1678 914 1706 A.
930 1680 956 1714 1,
972 1679 1009 1706 64
1026 1685 1087 1705 nox

148 1717 177 1745 (1.
197 1716 233 1744 A.
257 1718 282 1750 1,
307 1717 343 1744 66
364 1716 555 1745 miseratione
577 1716 605 1745 d.
627 1717 734 1746 clausit
756 1717 845 1745 viam.
868 1717 904 1746 H.
919 1719 946 1753 1,
964 1718 1001 1745 58
1018 1718 1088 1752 post

148 1754 306 1783 victoriam
328 1754 355 1782 d.

207 1793 368 1830 Denego.
415 1794 452 1822 D.
486 1795 523 1823 10
550 1798 658 1822 natura
694 1810 731 1814 —
758 1794 898 1832 inyerzium,
927 1793 1087 1831 denegarit.

148 1832 184 1861 A.
209 1833 254 1867 15,
276 1833 312 1860 42
336 1832 444 1868 quibus
465 1832 616 1868 ingenium
648 1835 701 1862 aut
731 1833 859 1861 audacia
891 1836 965 1868 erat,
997 1832 1087 1860 etiam

150 1879 227 1908 quae
259 1872 365 1898 natura
396 1870 620 1908 denegaw'sset,
655 1880 709 1908 per
739 1874 835 1900 artem
866 1873 1023 1908 temptare.
1050 1885 1088 1889 —

827 981 862 1010 A.
884 982 911 1017 2,
932 982 970 1009 43
990 990 1082 1017 eques

150 1910 187 1938 D.
211 1910 246 1938 15
270 1909 438 1937 concedunt
466 1925 505 1930 -—
534 1911 699 1948 denegares.
740 1910 775 1939 A.
799 1912 844 1945 15,
875 1911 911 1939 57
933 1909 1087 1946 pervicere

150 1948 221 1985 quin
253 1947 373 1976 obieeta
406 1948 579 1984 denegaret.
617 1948 653 1977 A.
687 1950 731 1986 15,
762 1951 798 1978 62
825 1949 995 1985 denegante
1023 1956 1089 1976 cen-

151 1988 277 2016 turione.

207 2025 473 2062 Deprehendo,
516 2025 552 2053 D.
584 2027 601 2055 3
624 2026 776 2055 sedentem
794 2042 832 2046 —
854 2025 1090 2063 deprehendimus

153 2064 316 2102 (ertappeu).
338 2065 394 2100 Ag.
410 2066 444 2093 15
459 2064 656 2100 periculosius
670 2065 853 2102 deprehendi
866 2073 954 2101 quam
969 2064 1089 2092 audere.

149 2119 185 2123 —
196 2104 232 2132 D.
257 2105 292 2132 18
309 2103 412 2140 plures
431 2103 547 2139 species
562 2103 737 2140 deprehendi
756 2104 865 2140 (finben.
882 2102 1089 2137 mabruebmeu).

150 2141 184 2170 A.
207 2143 252 2179 14,
275 2143 310 2171 61
333 2142 407 2170 nihil
428 2141 516 2170 triste
533 2157 566 2161 -
589 2142 619 2169 in
640 2143 725 2170 vultu
747 2142 963 2179 deprehensum
987 2140 1090 2169 confir-

150 2181 252 2209 mavit.
293 2181 329 2209 H.
352 2182 380 2217 4,
410 2182 446 2209 86
478 2180 730 2216 intellegebantur
750 2183 841 2217 artes,
874 2180 927 2209 sed
946 2188 1018 2217 pars
1039 2179 1089 2207 ob-

154 2218 250 2255 sequii
271 2219 301 2247 in
322 2227 367 2256 eo,
389 2228 425 2248 ne
448 2218 749 2255 deprehenderentur.

208 2258 403 2286 Deseiseo.
443 2258 480 2286 D.
502 2259 539 2286 28
560 2260 642 2285 artes
663 2258 815 2286 descivisse
829 2267 847 2286 a
864 2260 966 2286 vetere
981 2257 1086 2294 gloria.

151 2296 188 2324 H.
212 2298 237 2325 1.
259 2297 277 2325 8
298 2305 315 2324 a
337 2297 374 2324 N.
402 2296 604 2325 desciverant.
645 2296 683 2324 H.
710 2297 737 2333 2,
767 2298 802 2325 77
830 2297 880 2334 qui
911 2295 1089 2331 deliberant,

153 2334 342 2363 desciverunt

211 2373 363 2401 Desum.
404 2373 440 2402 D.
469 2376 484 2402 1
515 2383 605 2410 neque
634 2373 711 2401 enim
743 2373 835 2408 <isfuit
858 2373 914 2410 qui.
955 2373 992 2401 H.
1013 2374 1040 2409 2,
1063 2373 1089 2401 9.

152 2413 180 2447 3,
203 2412 248 2440 38.
271 2412 316 2440 78.
337 2411 372 2440 A.
396 2413 441 2449 13,
465 2414 510 2442 13.
534 2413 579 2449 16,
602 2414 636 2440 11
660 2409 741 2448 (etc.)
762 2420 818 2439 088
839 2411 959 2440 defuere
982 2411 1089 2448 qui.—

152 2451 190 2479 D.
212 2451 229 2478 2
252 2458 348 2478 sermo
374 2459 433 2478 non
456 2451 556 2486 defuit.
592 2452 629 2479 35
650 2450 691 2478 ita
710 2460 760 2478 nec
780 2453 959 2487 praeceptor
981 2451 1088 2478 deerat.

151 2489 187 2517 A.
211 2489 257 2525 13,
277 2490 295 2517 5
316 2497 371 2516 1188
389 2488 483 2518 defuit
498 2489 583 2517 fides.
603 2489 661 2525 Ag.
682 2491 717 2517 42
734 2497 788 2517 1188
805 2489 960 2517 8005111010
977 2488 1090 2517 deerat.

152 2544 189 2548 -—
211 2528 247 2556 D.
271 2528 306 2556 18
327 2535 365 2555 118
393 2526 530 2556 Ciceroni
558 2528 677 2565 quidem
706 2528 926 2556 obtrectatores
956 2527 1090 2563 defuisse.

153 2566 190 2594 H.
214 2568 239 2601 1,
261 2567 298 2594 53
320 2574 375 2594 nee
397 2565 521 2595 deerant
543 2567 656 2595 semina
679 2565 856 2595 discordiae.

1191 207 1382 236 Deterior.
1424 207 1459 235 D.
1492 207 1528 235 18
1559 214 1613 234 088
1643 204 1743 233 statim
1769 204 1895 233 deterius
1921 208 1966 233 est
1989 205 2068 242 quod

1134 247 1276 274 diversum
1299 248 1353 274 est.
1374 245 1408 273 A.
1432 247 1477 281 15,
1499 246 1534 273 10
1556 244 1585 272 in
1599 244 1718 272 diversa
1733 252 1768 271 ac
1790 243 1948 271 deteriora.
1970 243 2005 271 A.
2025 245 2070 278 15,

1133 286 1170 313 36
1193 285 1324 313 deterius
1345 284 1506 312 credebaut
1529 283 1608 319 quod
1630 285 1780 310 evenerat.
1810 282 1845 310 A.
1859 284 1904 317 15,
1915 283 1953 310 54
1969 282 2070 310 uxoris

1135 323 1291 351 consilium
1314 339 1350 342 ——
1371 322 1514 350 muliebre
1536 330 1572 349 ae
1594 321 1734 350 deterius.

1192 362 1415 397 Detorquco.
1458 361 1492 388 D.
1514 362 1551 388 28
1573 359 1774 396 prauitatibus
1797 360 1918 388 detorta.
1945 359 1980 386 A.
2004 360 2032 394 6,
2054 360 2071 387 5

1134 401 1227 429 verba
1249 409 1341 436 prave
1365 399 1491 427 detorta.
1515 399 1550 427 A.
1577 401 1601 433 1,
1624 400 1639 426 7
1663 398 1765 433 verba,
1788 398 1888 425 vultus
1909 397 1939 425 in
1961 397 2070 425 crimen

1136 439 1326 475 detorquens.
1368 438 1414 473 (A.
1439 440 1483 467 15,
1506 439 1541 465 34
1564 437 1702 464 Vatinius
1724 453 1759 456 —
1787 444 1911 472 corpore
1943 435 2071 464 detorto.

1193 478 1387 506 Detracto.
1428 477 1464 504 D.
1494 478 1527 503 11
1551 476 1725 503 detractaret
1754 478 1860 511 poetas
1888 476 1922 502 12
1945 474 2071 510 gloriam

1136 518 1301 544 detractent.
1323 516 1360 543 26
1382 516 1558 542 detracta-<se
1580 516 1724 541 oratores.
1755 514 1790 541 Α.
1814 515 1859 549 14,
1881 514 1917 541 ,52
1940 513 2070 541 oblecta-

1135 555 1242 583 mentis
1263 553 1592 590 principis—iniqlmm
1619 552 1788 580 detractare
1809 552 1868 579 vim
1895 551 1958 579 eius
1979 560 2072 587 equos

1136 594 1278 629 regentis.

1195 633 1312 660 Detru
1323 631 1374 659 do.
1416 631 1452 659 D.
1479 631 1515 658 32
1547 629 1575 657 111
1606 638 1718 666 paucos
1741 638 1844 656 sensus
1863 644 1895 647 —-
1920 629 2073 656 detrzidcmt

1137 670 1347 707 eloquentiam.
1369 669 1404 697 A.
1429 671 1474 700 14.
1487 670 1524 697 54
1540 677 1593 696 088
1614 668 1700 695 mein
1712 669 1918 703 paupertatem
1939 667 2002 703 ipse
2023 666 2071 694 de-

1137 709 1266 738 trudam.
1285 709 1319 737 A.
1334 710 1380 744 13,
1397 709 1434 736 43
1445 708 1484 736 ad
1495 707 1705 735 necessitatem
1718 706 1787 733 belli
1801 705 1896 733 civilis
1909 705 2071 734 detrusum.

1195 748 1296 776 Dico.
1318 748 1354 776 D.
1377 748 1413 775 30
1434 746 1594 774 testimwzir!
1615 761 1652 764 —
1674 745 1775 772 dicere.
1816 744 1851 772 A.
1873 745 1900 779 2,
1927 746 1965 773 34
1990 743 2073 771 testi-

1136 787 1267 815 monium
1290 786 1431 814 dicerent.
1453 785 1488 813 A.
1511 786 1537 814 3.
1560 784 1746 812 49Yestalcs
1768 783 1797 810 in
1818 782 1882 810 foro
1903 785 1923 810 t.
1941 783 2074 810 dicerent

1137 826 1174 854 D.
1196 827 1234 854 34
1254 830 1338 862 2thch
1358 825 1399 852 sic
1419 824 1552 852 dia-irim.
1575 822 1609 851 G.
1634 824 1650 850 2
1672 825 1763 858 utque
1781 821 1822 849 Sic
1839 821 1972 848 dixerim.
1986 821 2022 849 D.
2037 821 2076 849 40

1138 869 1167 892 υἱ
1187 875 1210 892 s.
1232 865 1259 892 d.
1280 865 1315 892 A.
1339 864 1375 891 14
1395 865 1432 892 53
1454 867 1485 891 111
1508 871 1531 890 5.
1553 861 1580 889 d.
1601 877 1635 880 —
1659 862 1696 889 D.
1717 862 1754 888 28
1776 863 1861 896 turpe
1884 860 1969 889 (lictu.
1992 859 2028 887 H.
2046 860 2074 895 2,

1138 905 1175 932 93
1195 902 1352 931 inhonesta
1377 902 1403 929 d.

1196 941 1384 978 Dignitas.
1426 941 1462 969 D.
1485 942 1501 969 0
1524 937 1680 975 (carmina)
1702 946 1798 974 neque
1820 937 1985 975 &quitatem
2007 944 2073 964 8011-

1139 981 1241 1009 81111101
1260 988 1357 1016 neque
1379 979 1534 1007 utilitates.
1574 978 1610 1006 H.
1632 979 1659 1007 4.
1681 978 1718 1005 42
1739 985 1794 1004 088
1816 975 1993 1012 dignitatem
2024 978 2075 1002 aut

1139 1020 1265 1048 salutem
1286 1019 1336 1046 illa
1360 1018 1485 1046 saevitia
1507 1016 1668 1045 redemisti.
1683 1032 1711 1035 -
1728 1016 1764 1043 D.
1788 1016 1822 1043 13
1845 1014 1981 1051 cliym'tate
2003 1013 2076 1041 ritae

1138 1059 1187 1086 vel
1207 1057 1409 1094 perpetuitate
1424 1058 1537 1092 sumac.
1559 1056 1593 1084 A.
1606 1057 1634 1091 6,
1653 1056 1687 1083 17
1700 1054 1878 1090 dignitatem
1899 1061 1934 1080 ac
1954 1051 2074 1080 samam.

1138 1097 1173 1126 A.
1196 1098 1223 1133 6,
1245 1098 1280 1125 51
1304 1096 1457 1132 egregium
1480 1095 1542 1123 vita
1564 1094 1713 1130 famaque.

1196 1135 1346 1171 Dignor.
1387 1135 1423 1163 D.
1447 1136 1463 1163 9
1486 1134 1636 1171 dignentur
1657 1132 1769 1160 audire.
1808 1131 1844 1159 H.
1867 1132 1894 1166 4,
1917 1131 1952 1158 Sl
1977 1130 2075 1157 oculo-

1138 1183 1203 1202 rum
1238 1174 1326 1202 orbes
1363 1173 1538 1210 dignaretur
1571 1179 1747 1207 respergere
1788 1169 1848 1197 oris
1879 1170 2078 1196 excremento.

1139 1213 1174 1241 A.
1196 1214 1223 1248 4,
1245 1213 1282 1241 53
1305 1212 1473 1241 Germanici
1495 1228 1530 1231 -—
1560 1210 1672 1238 liberos
1703 1209 1840 1245 excipere
1872 1207 2076 1243 dignarentur.

1196 1251 1349 1287 Dignus.
1391 1252 1429 1279 D.
1452 1252 1468 1278 9
1496 1249 1520 1278 51
1541 1248 1629 1277 modo
1656 1248 1769 1285 diymmi
1796 1246 1919 1282 aliquid.
1948 1245 1984 1273 A.
2008 1248 2033 1278 1,
2061 1246 2078 1273 3

1140 1290 1262 1326 (lignum
1284 1290 1321 1318 ob
1343 1289 1516 1326 praemium.
1559 1288 1592 1316 G.
1626 1288 1661 1315 18
1692 1286 1794 1314 11118115
1824 1285 1968 1312 inviolata
1992 1292 2027 1311 ac
2050 1283 2078 1311 (l.

1139 1328 1256 1356 reddat.
1278 1329 1314 1356 A.
1337 1330 1382 1359 13.
1407 1330 1442 1356 14
1468 1336 1570 1355 veram
1596 1326 1777 1362 dignamque
1803 1324 1935 1359 stirpem.
1977 1323 2013 1352 D.
2035 1323 2073 1351 20

1140 1367 1263 1395 inlustre
1286 1369 1315 1394 et
1337 1367 1452 1404 diffluum
1474 1366 1620 1394 victuaria.
1644 1364 1678 1391 A.
1692 1365 1739 1393 13.
1755 1364 1791 1391 31
1813 1361 1954 1390 memoria
1977 1361 2077 1397 digna.

1139 1406 1177 1434 H.
1199 1407 1226 1440 2,
1249 1407 1295 1434 24.
1317 1406 1373 1442 Ag.
1398 1408 1412 1433 1
1436 1405 1526 1441 digna
1549 1405 1722 1431 memoratu.
1743 1402 1776 1429 P.
1798 1401 1812 1429 Ι
1832 1410 1861 1437 p.
1885 1401 1929 1428 13.

1198 1444 1343 1480 Dirige.
1384 1445 1422 1472 D.
1444 1445 1461 1472 5
1484 1442 1582 1471 omnia
1603 1458 1638 1461 —-
1661 1442 1702 1468 ad
1725 1440 1885 1468 utilitatem
1915 1438 2075 1476 diriyenda.

1140 1482 1176 1511 A.
1197 1484 1225 1518 4,
1246 1484 1284 1511 40
1304 1483 1466 1519 praecipua
1488 1490 1585 1510 rerum
1605 1480 1644 1508 ad
1665 1480 1776 1507 famam
1798 1477 1966 1514 dirigenda.

1198 1521 1414 1550 Discrimen.
1456 1521 1492 1549 D.
1515 1523 1548 1548 11
1571 1527 1625 1555 pro
1647 1518 1771 1546 alterius
1797 1516 1968 1544 discrimine.
1990 1516 2027 1543 H.
2049 1517 2076 1548 2,

1141 1561 1176 1589 62
1198 1560 1227 1587 10
1249 1560 1347 1588 alieno
1370 1560 1539 1588 discrimine
1561 1557 1617 1586 sibi
1638 1565 1761 1592 pavens.
1783 1555 1818 1583 A.
1833 1557 1860 1591 6,
1882 1556 2079 1583 880118105-

1140 1607 1206 1626 11180
1230 1599 1317 1627 unius
1339 1599 1366 1627 d.
1391 1598 1559 1626 defendam.
1582 1612 1619 1616 —
1640 1596 1676 1624 D.
1700 1596 1716 1623 6
1744 1594 1911 1622 disci-isaim
1933 1601 2078 1621 commen-

1142 1637 1224 1665 dant.
1246 1637 1282 1666 H.
1304 1639 1332 1672 2,
1355 1639 1389 1665 61
1412 1645 1587 1672 magnorum
1610 1634 1740 1661 virorum
1764 1633 1791 1660 d.

1200 1676 1380 1704 Disertus.
1421 1676 1458 1703 D.
1482 1677 1496 1702 1
1520 1674 1623 1702 horum
1645 1675 1810 1708 temporum
1832 1671 1932 1699 diserti
1951 1671 1990 1698 40
2015 1670 2078 1706 plu-

1142 1714 1208 1742 rimi
1230 1715 1401 1742 disertorum
1422 1716 1468 1742 23.
1490 1715 1525 1741 41
1550 1711 1738 1740 disertissimi.
1764 1710 1800 1738 A.
1821 1712 1848 1738 4.
1871 1711 1907 1738 52
1928 1707 2002 1737 Afer
2019 1708 2076 1744 pri—

1141 1753 1275 1782 moribus
1297 1755 1448 1781 oratorum
1470 1751 1592 1780 additus
1611 1766 1648 1771 ——
1671 1758 1723 1777 suo
1753 1749 1816 1776 iure
1839 1748 1981 1776 disertum
2004 1756 2079 1775 eum.

1200 1791 1404 1821 Dissensio.
1446 1791 1481 1819 D.
1513 1792 1550 1819 40
1584 1788 1806 1817 dissensionibus
1848 1791 1876 1815 et
1918 1786 2080 1814 discordiis.

1141 1830 1198 1867 Ag.
1220 1832 1256 1859 32
1278 1830 1514 1859 dissensionibus
1536 1837 1571 1857 ac
1593 1827 1760 1855 discordiis.
1782 1826 1815 1854 P.
1839 1827 1853 1854 I
1873 1835 1902 1862 p.
1926 1827 1969 1853 15.
1991 1825 2028 1853 H.
2053 1826 2080 1860 3,

1142 1871 1179 1899 53
1200 1872 1318 1898 veteres
1341 1869 1449 1897 civium
1472 1867 1647 1895 discordias.
1828 1872 1831 1874 ⁷

1200 1908 1352 1937 Distrssh
1361 1916 1388 1935 Ο.
1429 1908 1466 1935 D.
1480 1908 1516 1935 36
1530 1904 1727 1934 distrahebant
1737 1903 1951 1941 rempublicam.
1974 1902 2010 1930 A.
2025 1905 2050 1930 1.
2061 1903 2080 1930 4

1144 1947 1389 1976 adulescentibus
1406 1945 1457 1983 qui
1480 1954 1571 1982 remp.
1593 1943 1710 1973 interim
1731 1945 1876 1980 premant,
1900 1941 2080 1978 quandoque

1145 1985 1324 2014 distrahant.

1203 2024 1315 2053 Diver
1327 2024 1427 2052 sitas.
1468 2022 1559 2051 D.'19
1571 2021 1735 2050 diversitate
1745 2019 1869 2048 aurium.
1892 2019 1928 2047 H.
1946 2020 1973 2047 5.
1992 2019 2009 2046 5
2026 2017 2079 2045 811·-

1146 2063 1313 2091 cumcidere
1350 2062 1493 2099 genitalia
1522 2061 1723 2089 instituerunt.
1759 2061 1792 2086 ut
1820 2058 1995 2086 diversitate
2029 2064 2079 2083 110-

1145 2104 1276 2130 scantur.
1298 2101 1336 2130 H.
1357 2103 1385 2138 5,
1407 2103 1441 2130 12
1465 2110 1501 2129 ex
1518 2101 1546 2129 d.
1563 2107 1687 2128 morum.
1710 2097 1744 2126 G.
1761 2098 1795 2126 15
1813 2097 1887 2125 mira
1905 2095 2080 2124 diversitate

1145 2144 1280 2169 naturae.

1203 2179 1396 2207 Diversus.
1439 2178 1474 2207 D.
1505 2181 1518 2206 1
1547 2178 1678 2205 dii-ersus
1699 2175 1747 2202 vel
1775 2175 1886 2203 easdem
1907 2189 1945 2192 —
1966 2182 2079 2200 causas.

1144 2217 1180 2246 A.
1202 2219 1229 2254 2,
1251 2219 1288 2246 21)
1310 2226 1375 2245 cum
1398 2216 1515 2245 diversa
1538 2214 1770 2253 praetenderent
1793 2213 1897 2241 eadem
1913 2211 2079 2239 formidine.

1145 2257 1182 2284 H.
1203 2259 1229 2292 1,
1250 2257 1286 2284 32
1308 2255 1412 2284 eodem
1433 2255 1480 2283 die
1502 2255 1619 2283 diversa
1641 2252 1707 2289 pari
1727 2252 1889 2279 certamine
1915 2250 2080 2287 postulatu-

1144 2295 1194 2323 ris.
1235 2295 1272 2323 H.
1294 2296 1321 2331 2,
1343 2296 1359 2322 7
1382 2295 1480 2322 causis
1502 2292 1628 2322 dirersis
1650 2290 1749 2319 studio
1771 2290 1846 2326 pari.
1873 2289 1920 2325 (A.
1942 2290 1969 2321 3.
1991 2289 2028 2317 35
2050 2287 2078 2315 d.

1145 2333 1310 2362 sententias
1332 2341 1465 2361 noscere.
1496 2333 1533 2362 H.
1556 2334 1582 2359 4.
1605 2330 1663 2365 76.)
1694 2346 1725 2349 -
1755 2329 1792 2357 D.
1815 2330 1851 2358 34
1871 2327 2078 2355 diversissima-

1145 2382 1206 2400 rum
1229 2372 1353 2400 aurium.
1374 2372 1432 2407 Ag.
1455 2372 1490 2400 32
1513 2380 1549 2399 ex
1572 2367 1783 2397 diversissimis
1803 2366 1951 2403 gentibus.

1202 2411 1352 2439 Doctor.
1391 2411 1428 2439 D.
1453 2411 1491 2438 30
1512 2408 1675 2436 slat-turibus
1705 2409 1870 2434 contentus.
1912 2405 1947 2433 A.
1971 2405 2015 2439 14,
2041 2405 2077 2431 52

1145 2449 1220 2478 satis
1249 2449 1356 2485 amplis
1387 2448 1414 2476 d.
1441 2448 1612 2475 instructus.
1654 2446 1691 2473 H.
1712 2446 1739 2473 4.
1761 2445 1778 2473 5
1800 2444 1939 2472 doctores
1961 2442 2076 2479 sapien-

1145 2487 1215 2516 tiae.
1236 2488 1273 2515 A.
1295 2489 1341 2523 16,
1363 2488 1401 2516 34
1423 2486 1554 2522 Cynicae
1576 2484 1771 2513 institutionis
1789 2482 1903 2510 doctor.

1204 2525 1415 2554 Domesticu
1425 2534 1447 2553 s.
1488 2525 1525 2552 D.
1547 2525 1583 2552 41
1605 2523 1759 2551 doiizestira
1781 2521 1936 2549 discordia.
1971 2520 2007 2549 A.
2032 2520 2077 2555 13,

1147 2566 1183 2593 14
1203 2564 1294 2592 armis
1316 2564 1454 2592 civilibus
1482 2565 1535 2592 aut
1556 2561 1727 2590 domesticis
1755 2559 1922 2588 discordiis.
1963 2558 2020 2594 Ag.
2041 2558 2079 2586 24
