2238 2735
980 117 1199 148 ,19-

122 219 157 247 Α.
180 219 225 253 15,
247 218 284 246 36
304 217 334 245 111
355 217 481 253 privatis
501 226 528 244 n.
548 216 685 253 proxima
700 215 826 251 pignora
842 215 1058 250 praevalerent.

123 258 159 285 H.
181 258 209 292 2,
229 258 268 285 80
287 265 315 284 n.
333 259 363 284 ct
383 255 666 292 propinquitatibus.
687 254 722 281 A.
739 254 766 287 2,
782 254 821 281 40
843 262 871 280 11.
893 253 1058 281 immisceri.

182 295 329 324 Nedum.
371 295 408 322 D.
441 296 477 322 25
510 294 595 321 etiam
615 292 708 320 isdem
735 291 872 327 saeculis,
894 293 996 320 nedum
1018 291 1058 319 di-

122 334 226 362 versis.
264 333 300 361 A.
324 335 369 369 15,
392 334 428 361 59
449 332 537 361 etiam
558 332 650 360 fortes
671 331 751 358 viros
772 329 878 358 subitis
899 330 1004 358 terreri
1031 339 1058 358 n.

122 373 158 401 A.
181 374 227 409 13,
251 374 286 400 15
308 372 423 400 sobrios
445 379 563 407 quoque
590 384 627 389 —-
647 378 676 397 11.
702 369 887 397 temulentos.
929 369 965 396 H.
992 370 1019 405 5,
1041 369 1058 397 5

123 412 204 440 nulla
225 411 383 438 simulacra
403 410 525 438 urbibus
547 408 617 443 suis,
645 417 673 435 n.
692 407 810 443 templis
831 407 939 435 sinunt.
972 407 1008 436 A.
1031 409 1058 444 2,

122 451 160 478 42
181 449 302 485 regibus
323 457 429 485 aequa,
450 447 558 476 nedum
578 446 678 474 infima
698 446 828 474 insolita.

180 488 391 523 Negotium.
432 487 469 514 D.
489 487 506 514 3
534 486 676 523 negotium
696 485 890 519 importasses
911 501 949 505 -—
971 484 1058 513 Cato-

122 536 189 555 nem
210 542 247 545 —
269 525 378 554 fabulis
399 525 576 561 adgregare.
603 524 638 552 A.
661 525 688 559 6,
711 524 746 551 12
768 523 900 559 datoque
921 524 1058 552 sacerdo-

122 566 201 594 tibus
221 565 342 600 negotio
363 579 400 584 -—
421 572 493 591 vera
512 563 688 591 discernere.
717 562 750 590 P.
772 562 785 590 Ι
805 571 833 598 p.
856 563 902 590 43.

181 604 330 638 Nempe.
370 602 406 630 D.
428 603 463 629 21
487 610 523 630 ex
545 601 626 629 Cael.
648 601 832 629 orationibus
853 611 880 628 n.
903 602 939 629 17
960 601 1057 629 Hirtio

124 652 154 671 11.
176 645 206 670 et
227 642 259 669 P.
282 641 461 669 consulibus.
482 640 518 667 H.
540 642 567 676 3,
590 641 626 668 70
646 642 816 675 togatorum
837 648 864 667 n.
879 648 911 668 se
924 642 953 667 et
970 648 1058 668 unum

124 690 140 710 e
162 680 359 709 senatoribus.

181 720 320 747 Nemus.
362 718 397 746 D.
412 719 444 745 11
465 727 584 745 nemora
595 733 628 737 ——
643 719 673 745 et
695 717 751 744 luci
761 718 790 744 et
804 722 941 745 secretum
952 717 1057 753 ipsum.

125 758 160 787 G.
182 758 200 785 9
221 758 304 785 lucos
326 765 361 785 ac
380 765 503 784 nemora
524 771 560 775 ——
582 758 729 784 secretum
749 755 829 783 illud.
854 754 888 783 G.
909 757 947 784 45
968 765 995 784 n.
1017 756 1058 784 lu-

122 804 233 832 cosque
254 811 291 815 —-
312 795 444 823 secretis.
457 795 541 822 —D.
564 795 581 822 9
602 794 631 822 in
652 804 679 821 n.
702 804 736 821 ac
758 795 844 822 lucos.
868 794 901 822 G.
916 795 952 822 10
965 794 1058 822 isdem

121 834 289 864 nemoribus
311 842 346 862 ac
366 834 450 862 lucis.
492 833 525 861 A.
549 834 575 869 3,
597 834 632 860 61
655 833 752 861 lucum
772 848 812 852 —-
838 842 948 861 nemus.
990 833 1022 861 P.
1045 833 1059 861 1

121 883 149 911 p.
172 874 217 901 16.
239 873 265 900 3.
287 873 332 900 33.
356 871 400 900 Cf.
423 871 561 900 Teuffelii
581 871 666 900 Vers.
687 880 779 907 germ.
800 873 847 901 21.

178 912 314 947 Neque.
356 911 392 939 D.
415 912 459 939 25.
482 912 528 939 26.
551 911 595 938 27.
617 911 653 938 31
676 920 766 947 neque
787 910 867 938 enim.
890 909 925 938 G.
948 911 993 938 31.
1010 911 1056 938 38.

120 950 156 979 A.
177 952 205 986 4,
227 951 262 978 31
285 958 381 985 neque
403 949 488 977 enim.
513 965 548 968 —
572 948 608 976 D.
631 950 668 976 14
688 959 777 985 neque
807 948 917 977 forens.
948 954 1057 977 tantum

120 988 258 1025 negotiis,
287 989 339 1016 sed
368 988 513 1016 eiusmodi
543 988 626 1015 etiam
654 987 763 1023 disput.
801 988 838 1015 33
866 998 955 1024 neque
985 988 1057 1016 enim

121 1032 230 1056 tantam
252 1043 286 1047 -
309 1028 361 1054 sed
380 1027 468 1063 longe
489 1027 593 1062 magis.
634 1026 670 1053 H.
693 1027 720 1062 2,
741 1027 778 1054 46
798 1035 853 1054 nec
875 1027 1057 1062 praetoriani

120 1068 140 1095 t.
163 1081 200 1086 -—
221 1066 282 1094 sed.
325 1066 360 1093 Α.
383 1066 428 1101 13,
450 1066 488 1093 20
508 1074 566 1093 11011
595 1067 615 1092 t.
637 1066 760 1092 matrem
787 1081 825 1085 —-
853 1065 906 1093 sed
932 1066 1057 1093 Burrum

123 1104 221 1133 etiam.
262 1104 297 1132 G.
319 1105 356 1132 35
377 1112 436 1132 non
457 1106 559 1132 tenent
579 1106 600 1132 t.
621 1119 658 1123 -—
680 1103 732 1131 sed
755 1106 785 1131 et
805 1104 929 1140 implent
967 1104 1004 1133 H.
1029 1106 1056 1139 1,

119 1144 157 1172 35
177 1151 235 1171 non
257 1143 384 1179 populus
405 1145 423 1170 t.
446 1158 484 1162 ——
505 1142 565 1171 sed.

177 1182 323 1210 Nescio.
365 1181 400 1209 D.
423 1182 460 1209 37
481 1181 573 1209 nescio
596 1191 634 1209 an
648 1180 791 1212 venerint.
812 1181 847 1211 A.
861 1184 888 1219 3,
901 1182 937 1210 53
956 1183 1056 1211 nescio

120 1229 158 1249 an
179 1229 320 1250 suasurus
342 1219 447 1248 fuerim
469 1220 612 1248 omittere.

178 1259 291 1288 Nihil.
333 1259 367 1286 D.
391 1259 436 1286 22.
458 1259 495 1286 35
516 1259 644 1286 7117111-
665 1258 742 1287 nihil.
763 1259 820 1296 Ag.
843 1261 869 1288 5.
893 1261 938 1290 15.
970 1259 1005 1288 A.
1029 1261 1057 1297 3,

121 1299 158 1326 26
178 1298 251 1326 nihil
272 1314 309 1318 —
330 1297 410 1325 nihil.
434 1297 464 1325 P.
487 1297 501 1324 Ι
521 1306 549 1333 p.
571 1298 616 1326 29.

179 1337 307 1365 Nimis.
350 1336 387 1363 D.
411 1337 446 1363 12
468 1335 606 1364 fabulosa
627 1335 709 1363 nimis
732 1338 760 1364 ct
781 1337 954 1373 composita.
977 1338 1012 1366 H.
1029 1340 1056 1373 2,

119 1376 156 1404 47
179 1385 206 1404 n.
229 1374 342 1412 grande
364 1375 442 1402 vitae
464 1383 547 1402 meae
566 1374 701 1411 pretium.
724 1375 758 1404 A.
782 1378 807 1412 1,
831 1377 874 1404 76.
901 1376 936 1404 A.
958 1378 987 1410 4,
1009 1378 1055 1405 33.

179 1413 361 1442 Nobilito.
404 1413 439 1442 D.
454 1414 491 1441 37
506 1416 608 1441 orator
624 1414 712 1449 (coni.
727 1414 876 1451 Schopen)
889 1415 1055 1443 nobilitatus

123 1452 348 1481 discriminibus
370 1452 407 1479 H.
428 1452 666 1485 1,2nobilitatus
678 1453 814 1481 cladibus
836 1454 944 1482 mutuis
967 1453 993 1481 G
1011 1455 1056 1482 40.

178 1491 335 1520 Nobilis
377 1490 414 1518 D.
435 1491 472 1518 39
493 1490 610 1518 nobiles.
644 1491 680 1518 H.
702 1492 729 1525 2,
752 1493 789 1520 38
811 1501 826 1520 0
848 1493 936 1528 plebe
956 1492 1057 1520 infima

121 1530 153 1559 C.
177 1530 290 1557 Marius
324 1531 354 1557 et
385 1529 527 1557 nobilium
559 1529 749 1558 saevissimus
776 1530 810 1558 L.
839 1531 929 1559 Sulla.
964 1531 1001 1559 H.
1029 1532 1056 1566 2,

121 1570 158 1597 92
179 1568 286 1596 flebilis
307 1570 336 1595 ct
369 1576 459 1603 egens
481 1568 529 1598 (A.
552 1569 598 1603 14,
631 1570 667 1596 14
688 1577 756 1604 opp.
778 1571 804 1597 3.
835 1570 883 1606 55)
913 1570 1056 1598 nobilium

120 1607 217 1636 turba.
258 1607 291 1634 A.
322 1608 366 1642 14,
395 1607 431 1634 53
452 1606 529 1634 inter
546 1606 661 1634 nobiles
674 1608 835 1636 -novitas
857 1618 922 1637 mea
943 1609 1057 1637 enituit.

180 1646 208 1673 N
217 1654 326 1673 omen.
367 1645 402 1672 D.
425 1646 461 1673 36
483 1645 677 1681 (oratoribus)
699 1646 765 1681 plus
780 1663 816 1667 —
834 1647 954 1675 nominis
976 1647 1057 1683 apud

121 1683 428 1721 plebem—clientelis
449 1687 616 1711 exterarum
637 1685 790 1713 nationum
804 1686 1057 1714 redundabant—

120 1732 157 1751 ne
174 1722 288 1759 privati
308 1722 426 1758 quidem
448 1722 510 1750 sine
530 1724 679 1757 potestate
701 1727 832 1752 erant—
846 1724 900 1753 hos
922 1727 951 1753 et
970 1735 1057 1761 prae-

121 1767 204 1790 turae
225 1765 254 1789 et
276 1762 439 1788 consulatus
459 1769 568 1789 vocare
588 1762 664 1790 ult-ro
686 1762 872 1791 videbantur.
913 1763 949 1791 A.
970 1764 997 1799 3,
1020 1764 1057 1792 55

120 1801 238 1837 plebem
263 1800 360 1827 socios
387 1808 481 1835 regna
502 1800 599 1828 colere
622 1802 651 1828 et
672 1801 729 1828 coli
751 1801 862 1830 licitum
875 1818 912 1822 ——
933 1811 987 1839 per
1007 1811 1057 1830 no-

121 1848 187 1867 men
209 1841 239 1867 et
259 1838 412 1866 clientelas
433 1838 592 1866 inlustrior.
614 1838 649 1868 A.
674 1841 718 1874 15,
740 1841 775 1868 21
799 1841 868 1869 olim
890 1850 948 1869 non
969 1840 1057 1869 modo

121 1880 242 1914 praetor
263 1880 314 1905 aut
335 1877 437 1905 consul
468 1877 521 1905 sed
540 1877 650 1913 privati
681 1878 770 1906 etiam
792 1879 985 1908 mittebantur
1007 1880 1057 1916 qui

120 1915 291 1953 provincias
311 1915 441 1943 viserent
472 1918 501 1943 et
521 1915 592 1952 quid
620 1916 656 1944 de
678 1917 820 1954 cuiusque
850 1918 995 1955 obsequio
1016 1919 1058 1946 vi-

123 1955 243 1983 deretur
263 1954 409 1982 referrent
430 1954 682 1991 trepidabantque
717 1958 823 1991 gentes
854 1957 891 1985 de
922 1958 1058 1985 aestima-

122 1993 202 2022 tione
224 1993 415 2029 singnlorum.
433 2010 469 2014 —
488 1993 525 2020 D.
547 1995 591 2021 11.
613 1995 650 2022 36
672 1994 790 2023 notitiae
810 2004 845 2023 ae
867 1995 998 2023 nominis.
1021 1996 1057 2024 H.

122 2033 150 2066 2,
172 2033 210 2060 48
223 2031 573 2060 nominis—nobilitatis.
594 2032 630 2061 D.
655 2034 668 2059 1
692 2043 792 2061 nomen
814 2035 950 2062 oratoris.
972 2035 1007 2062 A.
1031 2037 1057 2070 1,

123 2072 140 2098 9
160 2080 187 2099 n.
209 2070 404 2107 imperatoris.
446 2070 481 2098 A.
504 2071 549 2107 15,
567 2071 606 2099 44
635 2073 739 2100 auctor
769 2073 894 2101 nominis
923 2072 1058 2101 Christus

124 2112 176 2138 est.
199 2125 235 2129 -—
256 2110 292 2138 D.
317 2111 330 2137 1
354 2119 455 2137 nornen
476 2124 513 2128 —
535 2111 718 2145 appellamus
734 2125 770 2131 —
792 2117 939 2139 vocantur.
974 2111 1008 2139 Gr.
1031 2113 1057 2140 2.

122 2148 158 2175 Η.
182 2149 208 2182 1,
231 2149 276 2177 37.
298 2165 333 2168 -
354 2148 390 2176 D.
414 2149 429 2175 7
451 2148 570 2184 saepius
591 2163 629 2168 —
649 2149 761 2177 nomine
784 2154 876 2180 vocat.
911 2149 945 2178 G.
969 2151 1006 2179 28
1026 2150 1059 2178 li-

123 2186 242 2214 bentius
262 2202 299 2207 —
320 2195 347 2215 11.
369 2195 396 2214 v.
419 2186 454 2215 G.
477 2188 503 2214 2.
530 2187 575 2214 38.
617 2187 653 2214 H.
683 2188 712 2223 4,
742 2189 788 2216 28.
811 2204 848 2208 —
877 2189 914 2217 D.
945 2190 981 2217 25
1002 2189 1061 2217 alio

123 2225 234 2253 nomine
263 2227 400 2262 appellet.
441 2225 497 2261 Ag.
520 2226 566 2253 30.
603 2225 639 2253 H.
662 2227 688 2261 1,
717 2226 754 2254 37
781 2227 864 2255 falsis
893 2227 1061 2256 nominibus

123 2263 284 2300 appellant.
308 2264 341 2292 G.
366 2266 382 2292 7
404 2264 586 2300 deorumque
607 2272 684 2292 nom.
707 2273 777 2301 app.

180 2302 209 2330 N
216 2311 269 2330 on.
312 2302 348 2331 D.
371 2305 385 2331 1
409 2312 444 2331 ac
465 2311 524 2331 non
546 2302 775 2339 (niebtnielmebt)
790 2304 1060 2333 disertissimorum.

124 2341 159 2368 H.
183 2343 208 2376 1,
228 2342 268 2369 40
288 2349 322 2369 ac
355 2350 414 2370 non
444 2342 662 2378 imperatorem.
695 2356 731 2362 —
763 2343 799 2372 D.
822 2344 839 2371 3
862 2353 919 2371 non
948 2344 1061 2381 quidem

123 2379 283 2415 meliorem,
304 2381 357 2408 sed
375 2385 468 2408 tamen
489 2380 676 2409 securiorem.
718 2380 753 2409 A.
776 2382 803 2417 6,
824 2382 863 2410 50
882 2391 941 2410 non
963 2391 991 2419 q.
1016 2391 1060 2411 so-

124 2419 204 2455 litus,
226 2418 342 2446 consilii
362 2420 462 2447 tamen
482 2435 528 2447 —.
560 2435 598 2439 ——
620 2419 655 2446 D.
678 2420 695 2448 6
716 2427 776 2447 non
797 2436 835 2440 —
854 2429 912 2449 non
934 2436 970 2441 -—
992 2430 1059 2449 non.

124 2456 159 2485 G.
183 2457 228 2485 19.
249 2457 295 2485 55.
318 2457 354 2485 Η.
377 2458 405 2494 3,
426 2458 472 2486 18.
492 2458 527 2487 A.
552 2458 598 2493 15,
619 2458 667 2485 57.
699 2457 732 2486 P.
753 2458 767 2486 I
788 2467 816 2495 p.
839 2460 883 2487 30.
905 2475 942 2480 --
964 2460 1001 2487 D.
1025 2461 1060 2487 12

124 2506 180 2524 non
201 2512 237 2516 -
258 2505 309 2523 nec
329 2511 367 2516 -
387 2506 438 2524 nec
458 2512 495 2516 -
516 2497 574 2524 sed.
595 2495 630 2530 G.
655 2497 680 2525 7.
713 2496 750 2524 A.
773 2499 798 2533 1,
819 2499 855 2526 41
886 2500 924 2526 68
944 2507 1003 2526 11011
1026 2514 1060 2518 -

123 2543 221 2571 neque
241 2550 279 2554 —
300 2534 362 2562 sed.
385 2534 420 2562 G.
441 2535 458 2563 6
479 2543 537 2563 non
551 2551 588 2555 —
608 2535 784 2564 non—sed.
800 2552 838 2556 —
854 2536 889 2564 D.
911 2537 949 2564 32
970 2536 1061 2573 idque

124 2583 181 2601 non
202 2573 307 2601 doctus
329 2574 414 2601 modo
434 2575 464 2601 et
483 2573 612 2609 prudens
634 2574 761 2610 auditor,
792 2575 844 2603 sed
864 2575 947 2603 etiam
968 2583 1060 2611 popu-

1114 213 1168 241 lus.
1189 213 1224 240 A.
1254 214 1301 248 15,
1331 214 1369 241 44
1402 212 1563 240 exitiabilis
1594 210 1857 247 (Christianorum)
1884 214 2057 248 superstitio

1114 260 1173 279 non
1193 250 1281 279 modo
1302 259 1356 287 per
1376 251 1527 285 Iudaeam,
1550 250 1603 278 sed
1624 258 1678 286 per
1698 250 1801 278 urbem
1820 251 1918 279 etiam.
1949 251 2006 288 Ag.
2028 254 2056 289 3,

1116 289 1150 318 G.
1172 291 1219 317 45.
1241 306 1279 310 —
1301 289 1336 317 G.
1362 291 1397 317 15
1420 297 1478 316 non
1499 298 1536 316 m.
1559 304 1597 308 —-
1618 289 1671 317 sed
1692 292 1729 317 et.
1767 289 1803 317 H.
1826 291 1852 325 1,
1873 290 1892 317 4
1912 299 1940 318 n.
1962 299 1999 319 m.
2020 306 2058 310 —

1115 328 1177 356 sed.
1198 328 1234 356 A.
1257 329 1284 363 3,
1308 328 1343 356 19
1364 336 1390 355 11.
1414 336 1450 355 111.
1473 344 1511 347 -
1532 327 1632 355 etiam.
1649 343 1686 346 —
1707 328 1743 355 D.
1767 329 1804 355 28
1825 336 1860 356 ac
1881 338 1937 356 nou
1959 329 2060 358 studia

1116 368 1199 394 modo
1221 374 1377 402 curasque,
1399 367 1451 393 sed
1470 366 1658 394 remissiones
1679 366 1765 394 etiam
1787 367 1938 403 lususque.
1971 368 2008 396 H.
2032 370 2058 404 1,

1114 407 1133 433 4
1153 414 1212 434 non
1233 414 1269 433 m.
1292 413 1379 433 casus
1401 407 1584 440 eventusque
1605 413 1752 432 10111111-
1767 405 1820 433 sed
1842 405 1919 434 ratio
1941 414 1966 434 e.
1990 415 2057 435 cau-

1115 452 1226 480 saeque
1256 445 1426 472 noscantur.
1454 458 1490 462 —
1520 443 1556 471 D.
1578 444 1605 472 2.
1628 444 1665 471 37
1687 453 1743 471 non
1764 459 1801 464 —
1824 445 1908 472 modo
1929 461 1976 481 —-,
2007 446 2060 473 sed

1114 499 1153 503 —
1174 492 1294 520 qaoque.
1336 482 1372 510 H.
1396 483 1422 518 1,
1444 482 1482 509 50
1502 490 1561 509 non
1584 497 1619 500 —
1642 491 1678 509 m.
1700 498 1738 502 -
1767 491 1790 510 s.
1812 498 1850 502 —
1871 492 1899 519 q.
1939 482 1995 520 Ag.
2032 484 2058 511 2.

1114 530 1211 558 neque
1232 536 1270 541 —-
1290 529 1327 548 m.
1350 536 1388 540 —-
1409 529 1431 548 s.
1453 536 1489 540 —-
1511 528 1539 556 q.
1562 520 1597 547 H.
1621 522 1647 556 1,
1667 521 1704 548 57
1726 529 1781 549 nec
1797 530 1881 549 —m.
1895 530 2012 550 —s.——
2029 531 2059 559 q.

1116 560 1152 588 D.
1174 561 1209 588 31
1233 569 1282 587 nec
1318 574 1353 578 —
1389 559 1472 586 modo
1502 574 1538 580 —
1558 559 1616 586 secl.
1657 559 1713 595 Ag.
1741 561 1758 587 3
1779 569 1834 588 nec
1855 576 1892 580 —-
1913 569 1950 588 m.
1972 576 2010 581 -—-
2035 569 2058 589 s.

1116 599 1152 627 A.
1174 600 1202 633 4,
1224 599 1269 627 56.
1295 599 1340 634 15,
1361 599 1407 625 21.
1432 599 1477 632 16,
1498 598 1516 625 3
1537 606 1595 624 non
1616 606 1652 625 m.
1675 613 1712 617 -—
1733 598 1795 626 sed.

1173 636 1373 666 Notabilis.
1416 636 1451 664 D.
1474 636 1513 663 40
1533 636 1630 663 notab.
1647 636 1826 672 eloquentia.
1850 638 1887 665 10
1896 646 2056 673 personam

1115 681 1171 704 not.
1193 676 1300 712 Ag4O
1311 674 1544 702 11.-1011011113.
1566 674 1602 701 H.
1626 676 1652 709 1,
1673 676 1711 702 44
1731 684 1759 702 n.
1781 675 1833 703 illa
1851 676 1898 704 die
1921 685 2052 712 operam.

1113 715 1150 743 H.
1175 717 1200 750 1,
1222 716 1269 744 38.
1291 713 1326 741 A.
1348 715 1375 750 3,
1397 714 1444 743 65.
1487 713 1523 741 D.
1544 716 1562 740 δ
1584 713 1739 740 notabilior
1760 717 1930 750 paupertas.
1971 716 2006 744 A.
2029 717 2058 752 3,

1116 755 1152 781 25
1177 762 1212 782 eo
1235 763 1263 782 11.
1286 752 1395 781 caedes
1417 752 1481 780 fuit.

1171 792 1324 820 Notitia.
1366 791 1402 818 D.
1425 792 1463 819 30
1483 790 1585 818 notitia
1604 790 1905 819 rerum—homiuum
1923 808 1960 812 —
1981 795 2051 821 tem-

1114 839 1227 867 porum.
1250 832 1285 859 H.
1308 832 1335 866 3,
1357 830 1394 858 59
1416 832 1475 858 not.
1498 829 1639 857 locorum.
1681 829 1716 858 A.
1728 831 1773 865 16,
1785 831 1821 857 24
1842 830 1978 859 notitiam
1998 832 2052 860 011-

1113 869 1230 898 11111111111.
1252 870 1288 898 A.
1309 869 1355 905 15,
1377 870 1413 896 31
1436 877 1495 896 11011
1516 868 1614 896 inerat
1634 868 1741 896 notitia
1761 869 1864 897 nostri.

1171 908 1312 937 Novus.
1355 908 1391 936 D.
1414 908 1429 934 7
1452 915 1511 943 quo
1534 906 1602 934 mihi
1624 907 1702 934 latus
1723 907 1826 935 clavus
1847 907 1966 936 oblatus
1999 912 2054 945 est,

1114 955 1173 983 quo
1194 946 1282 975 homo
1304 957 1403 974 noi-ns.
1446 946 1482 973 H.
1511 947 1538 980 2,
1565 946 1602 973 53
1623 954 1718 973 novus
1741 945 1837 973 adhue
1867 949 1897 974 et
1917 947 1947 974 in
1970 956 2053 976 sena-

1112 988 1174 1013 tum
1195 994 1290 1022 nuper
1311 984 1548 1014 adscitus—D.
1571 985 1588 1011 6
1609 994 1715 1011 noram
1736 989 1762 1012 et
1783 989 1921 1013 recentem
1943 994 2056 1014 curam.

1113 1025 1130 1051 S
1152 1025 1234 1052 noris
1255 1030 1281 1052 et
1301 1024 1465 1053 recentibus.
1505 1023 1540 1050 H.
1563 1024 1591 1059 4,
1612 1023 1649 1050 65
1670 1031 1749 1050 nova
1771 1025 1800 1051 et
1821 1024 1953 1052 recentia
1977 1025 2052 1053 iura.

1113 1078 1150 1082 --
1171 1063 1205 1090 D.
1230 1064 1265 1091 14
1287 1063 1430 1099 exemplis
1459 1072 1600 1090 novorum
1626 1061 1777 1089 rhetorum
1805 1077 1841 1081 —
1867 1063 2052 1100 antiquorum

1113 1104 1224 1131 orator.
1246 1102 1282 1129 Η.
1305 1104 1332 1138 2,
1361 1103 1399 1130 38
1428 1103 1563 1129 veterum
1591 1108 1796 1136 novorumque
1826 1109 1940 1129 morum
1969 1111 2056 1138 repu-

1113 1140 1196 1168 tatio.
1223 1141 1250 1169 A
1279 1142 1307 1178 2,
1329 1142 1366 1169 33
1386 1140 1477 1176 idque
1497 1148 1556 1167 non
1577 1147 1695 1175 novum,
1717 1139 1771 1167 sed
1788 1147 1823 1167 ex
1846 1140 2053 1169 vetustissimis

1113 1179 1253 1208 moribus.

1171 1218 1337 1247 Numero.
1380 1218 1416 1246 D.
1439 1217 1476 1245 26
1497 1225 1555 1244 11011
1574 1218 1643 1244 ante
1665 1216 1725 1244 Cic.
1743 1222 1872 1244 numeret
1892 1217 1945 1246 sed
1966 1218 2056 1254 plane

1110 1261 1179 1293 post
1197 1256 1272 1286 Gab.
1308 1258 1344 1285 H.
1367 1259 1393 1292 2,
1417 1257 1452 1284 77
1474 1256 1560 1283 nobis
1581 1254 1653 1283 nihil
1675 1255 1753 1283 ultra
1782 1254 1936 1291 adrogabo
1967 1265 2056 1293 quam

1113 1305 1149 1325 ne
1171 1299 1240 1331 post
1261 1296 1420 1325 Caecinam
1441 1302 1636 1323 numeremur.
1656 1309 1693 1313 —-
1715 1294 1751 1322 D.
1782 1295 1817 1322 31
1850 1303 1951 1323 eorum
1979 1304 2057 1332 quae

1112 1343 1210 1371 neque
1231 1335 1260 1363 in
1281 1335 1440 1363 virtutibus
1461 1341 1559 1369 neque
1580 1332 1609 1360 in
1630 1332 1709 1360 vitiis
1731 1338 1925 1362 namet-emtum
1966 1334 2004 1364 H.
2027 1336 2056 1371 4,

1113 1375 1130 1402 5
1158 1373 1274 1409 (Stoici)
1306 1373 1493 1402 nobilitatem
1526 1387 1562 1391 —
1593 1379 1690 1407 neque
1721 1371 1807 1399 bonis
1834 1380 1932 1410 neque
1970 1373 2057 1402 malis

1113 1412 1315 1440 adnumerent.
1347 1428 1384 1432 -—
1415 1412 1451 1439 D.
1474 1411 1510 1438 12
1532 1410 1604 1438 inter
1624 1410 1806 1446 praecipuos
1827 1419 1916 1439 carm.
1941 1411 2055 1440 fructus

1113 1460 1266 1479 numerem.
1287 1451 1323 1481 A.
1348 1452 1394 1487 12,
1416 1452 1453 1478 64
1474 1449 1686 1477 numerabatur
1707 1448 1724 1476 i.
1753 1450 1871 1477 ostenta
1886 1449 2055 1479 deminutus

1113 1489 1241 1518 omnium
1262 1490 1489 1526 magistratuum
1510 1487 1625 1516 modus.
1646 1486 1681 1515 G.
1703 1488 1741 1514 30
1762 1487 1901 1516 virtutem
1931 1489 1949 1516 i.
1974 1492 2056 1518 certa

1112 1536 1276 1557 numerare.
1301 1528 1334 1557 G.
1357 1530 1394 1556 23
1415 1537 1473 1556 non
1493 1526 1709 1554 numeraverim
1731 1526 1748 1553 i.
1772 1526 1807 1554 G.
1830 1528 1967 1562 populos.

1171 1567 1312 1595 Nullus
1354 1568 1390 1596 D.
1411 1568 1450 1595 40
1470 1566 1695 1594 nulla—nulla.
1717 1565 1749 1592 P.
1772 1565 1785 1592 I
1807 1574 1835 1601 p.
1857 1567 1903 1594 29.
1917 1582 1951 1585 —
1965 1567 2002 1594 D.
2019 1568 2056 1595 28

1115 1607 1232 1642 integra
1253 1609 1282 1634 et
1303 1607 1390 1634 nullis
1412 1604 1612 1641 pravitatibus
1633 1603 1751 1631 detorta
1771 1606 1888 1632 natura.
1915 1606 1950 1632 12
1972 1608 2055 1634 casta

1113 1650 1139 1673 et
1159 1645 1246 1672 nullis
1268 1650 1400 1673 contacta
1422 1644 1501 1672 vitiis
1522 1646 1653 1678 pectora.
1676 1642 1712 1671 A.
1736 1643 1764 1674 3,
1786 1644 1821 1670 37
1845 1644 1925 1671 solus
1946 1647 1976 1672 et
1996 1645 2058 1673 11111-

1114 1684 1150 1711 lis
1171 1684 1375 1719 voluptatibus
1397 1684 1550 1711 avocatus.
1573 1680 1606 1709 G.
1630 1681 1667 1708 10
1688 1680 1807 1709 candidi
1830 1685 1859 1709 et
1879 1683 1959 1710 nullo
1981 1692 2055 1712 mor-

1113 1723 1165 1751 tali
1187 1731 1278 1758 opere
1300 1722 1439 1750 contacti.
1460 1722 1493 1749 P.
1515 1720 1528 1748 Ι
1549 1729 1578 1756 p.
1600 1721 1647 1747 32.

1171 1761 1306 1797 Nuper.
1349 1762 1385 1789 D.
1408 1762 1425 1789 9
1446 1759 1633 1788 laudavimus
1654 1768 1747 1794 nuper
1775 1775 1806 1778 —
1835 1759 2058 1789 liberalitatem.

1114 1800 1149 1827 H.
1172 1802 1199 1835 3,
1224 1802 1237 1827 1
1260 1800 1412 1836 pulsarum
1433 1808 1525 1835 nuper
1548 1797 1706 1832 legionum.
1745 1797 1780 1824 A.
1802 1799 1830 1833 4,
1853 1799 1889 1825 66
1922 1801 2009 1834 parto
2030 1809 2058 1827 n.

1114 1838 1246 1875 praemio
1269 1839 1345 1867 male
1367 1847 1446 1867 usus.
1475 1838 1509 1866 A.
1533 1838 1578 1871 13,
1602 1837 1638 1864 57
1660 1836 1689 1863 in
1711 1836 1776 1872 ipsa
1798 1836 1937 1865 conditae
1958 1847 1986 1866 n.
2009 1847 2056 1867 co-

1117 1877 1215 1905 loniae
1238 1877 1380 1906 moeniae.

1173 1954 1507 1983 oblectamentum.
1550 1953 1584 1980 D.
1610 1954 1646 1980 14
1669 1952 1901 1980 oblectamentum
1922 1969 1955 1972 —
1978 1954 2058 1983 adfe-

1116 1996 1192 2022 runt.
1215 1994 1249 2021 A.
1274 1995 1319 2024 14.
1343 1995 1379 2022 16
1399 1994 1476 2022 inter
1497 1992 1717 2020 oblectamenta
1740 1990 1824 2026 regia
1844 1993 1982 2027 spectari.
2024 1994 2060 2021 A.

1119 2033 1164 2068 16,
1188 2033 1223 2060 18
1246 2032 1352 2060 officiis
1374 2035 1403 2060 et
1424 2041 1450 2060 o.
1472 2031 1561 2059 vitae.
1591 2031 1625 2058 A.
1649 2030 1694 2064 14,
1716 2031 1750 2057 21
1774 2031 2012 2065 spectaculorum
2031 2040 2058 2060 o.

1116 2073 1149 2099 A.
1173 2073 1219 2107 14,
1240 2072 1277 2099 52
1299 2081 1324 2099 o.
1347 2070 1489 2108 principis
1509 2070 1609 2106 palam
1629 2068 1772 2104 iniquum.

1178 2109 1345 2139 Obiecto.
1386 2110 1422 2138 D.
1446 2111 1483 2137 10
1505 2108 1590 2136 otium
1612 2108 1763 2135 oblectare.
1804 2107 1839 2135 A.
1864 2109 1909 2144 12,
1928 2110 1966 2136 49
1988 2117 2055 2137 con-

1117 2149 1287 2177 versatione
1308 2157 1476 2178 scurrarum
1494 2148 1572 2175 iners
1592 2146 1683 2174 otium
1704 2146 1879 2175 oblectaret.
1914 2147 1949 2175 H.
1971 2149 1997 2184 2,
2020 2148 2057 2176 50

1118 2187 1195 2215 fictis
1217 2188 1371 2216 oblectare
1392 2186 1556 2223 legentium
1578 2185 1702 2213 animos.

1176 2225 1318 2263 obligo.
1360 2226 1396 2254 D.
1419 2228 1436 2254 9
1459 2225 1601 2262 obliqatzcs
1621 2223 1685 2253 tibi.
1716 2223 1750 2252 G.
1773 2224 1809 2251 31
1833 2223 2058 2261 obligatumque

1117 2265 1218 2293 virtuti
1235 2265 1294 2293 oris
1316 2265 1459 2293 habitum.
1501 2263 1538 2293 G.
1560 2266 1578 2291 ὅ
1600 2262 1752 2290 efficacius
1775 2263 1946 2297 obligentur
1967 2264 2057 2291 animi

1117 2303 1278 2332 civitatum.
1312 2303 1347 2332 G.
1370 2305 1405 2332 21
1428 2312 1482 2332 1100
1505 2302 1637 2338 acceptis
1659 2300 1854 2338 (muneribus)
1876 2301 2057 2337 obligantur.

1116 2342 1152 2370 H.
1168 2344 1193 2377 1,
1205 2344 1222 2371 8
1235 2342 1351 2371 Galliae
1367 2342 1519 2379 obligatae
1532 2341 1642 2369 recenti
1662 2339 1739 2368 dono
1752 2340 1904 2368 Romanae
1920 2340 2058 2369 civitatis.

1175 2380 1354 2410 Oblitero.
1396 2381 1432 2409 D.
1463 2382 1480 2409 8
1517 2379 1674 2408 obliteratis
1696 2378 1846 2414 exemplis.
1887 2379 1922 2407 A.
1954 2380 2000 2415 11,
2023 2381 2059 2407 14

1116 2419 1314 2457 (Claudianae
1335 2419 1453 2456 literae)
1474 2421 1544 2456 post
1566 2419 1752 2448 obliteratae.
1793 2418 1829 2444 A.
1861 2418 1907 2453 15,
1938 2418 1974 2445 73
2001 2426 2059 2446 11011

1116 2458 1276 2487 obliterata
1297 2476 1335 2479 —
1355 2457 1582 2487 mansuetudine
1611 2455 1753 2493 principis
1785 2464 1894 2484 novam
1924 2456 1964 2485 ad
1995 2465 2059 2485 sae—

1116 2497 1220 2525 vitiam
1241 2497 1417 2526 retraheret.
1440 2500 1474 2525 A.
1498 2499 1524 2533 1,
1547 2498 1582 2524 51
1605 2498 1721 2531 tempus
1750 2494 1955 2523 obliterandae
1984 2495 2059 2523 sedi-

1115 2536 1214 2564 tionis.
1254 2536 1290 2564 A.
1322 2539 1368 2573 11,
1401 2537 1437 2564 15
1459 2544 1496 2563 ne
1529 2536 1603 2563 ritus
1634 2540 1785 2562 sacrorum
1816 2533 1893 2562 inter
1919 2534 2060 2570 ambigua

1116 2573 1185 2602 culti
1208 2583 1263 2610 per
1283 2583 1429 2611 prospera
1450 2574 1689 2602 obliterarentur.
