2238 2735
974 48 1191 78 ‘ig-

207 148 381 180 Maximam
407 147 536 188 quidem
559 151 685 188 partem
709 156 749 178 ex
773 145 899 186 scriptis
925 145 1086 177 Ciceronis
1110 155 1180 177 esse
1204 143 1422 185 repetendam,
1448 153 1598 184 magnam
1631 144 1664 175 in
1695 144 1796 185 ipsius
1821 145 1925 176 Taciti
1957 146 2045 178 libris

118 193 264 231 inveniri,
280 193 438 224 modicam
462 191 550 233 apud
573 191 712 222 Plinium
736 189 919 222 Secundum
943 188 1132 230 (cognomen
1156 188 1324 220 brevitatis
1348 199 1444 220 causa
1476 188 1509 219 in
1533 193 1706 230 conspectu
1729 189 1898 221 verborum
1921 200 2047 230 semper

118 238 225 280 omisi)
249 242 304 268 aut
329 237 418 278 apud
441 236 628 268 Suetonium
652 240 683 266 et
707 235 846 266 Plinium
870 235 1022 265 maiorem
1045 234 1197 275 reperiri:
1233 233 1393 265 Ciceronis
1425 237 1533 264 autem
1562 243 1740 275 synonyma
1765 234 1883 274 partim
1912 234 1954 264 ad
1978 244 2045 266 ver-

118 283 194 314 bum
218 282 366 323 repetita,
391 281 509 322 partim
533 279 782 320 transpositione
807 284 862 310 aut
886 279 996 318 aliqua
1019 278 1298 309 transformatione
1323 287 1392 309 esse
1416 282 1550 317 mutata,
1577 284 1607 309 et
1631 277 1665 308 id
1690 278 1818 317 quidem
1843 288 1928 309 more
1954 279 2045 310 Taci-

117 327 193 358 tino.
241 327 319 367 (Cic.
348 325 525 367 periculum
557 324 790 363 discrimenque
823 324 860 354 H.
885 324 916 363 2),
953 324 991 354 77
1026 322 1196 354 discrimen
1236 332 1273 354 ac
1308 322 1458 362 pericula.
1494 322 1557 353 Cic.
1582 323 1732 363 probrum
1765 327 1862 361 atque
1897 322 2045 358 dedecus.

118 371 295 411 ignominia
318 375 415 409 atque
439 369 578 400 dedecus
602 369 640 399 H.
664 369 695 408 4,
722 369 762 399 72
788 368 891 409 pudor
907 378 944 399 ac
969 367 998 398 d.
1023 368 1060 398 H.
1088 369 1116 407 1,
1141 368 1184 399 30
1208 367 1304 398 rubor
1327 377 1365 397 ac
1390 366 1418 397 d.
1442 367 1480 397 H.
1505 367 1536 406 4,
1557 368 1598 398 62
1623 367 1719 398 rubor
1745 372 1774 398 ct
1799 367 1930 398 infamia
1954 368 1990 398 A.
2015 368 2045 403 3,

118 417 159 447 {22
186 415 393 455 ignominiam
416 417 448 445 et
473 412 660 455 infamiam.)

207 459 340 500 Propria
364 462 472 489 autem
497 457 618 498 dialogi
642 457 792 489 ridentur
815 467 902 489 esse:

207 505 258 535 33.
282 503 460 534 adversarii
484 507 515 533 et
539 503 666 536 aemuli,
695 504 744 533 11.
769 502 903 534 notitiae
927 512 964 533 ac
989 501 1135 541 nominis,
1161 502 1190 532 2.
1215 501 1416 532 institutione
1441 505 1472 531 et
1497 500 1622 540 litte-ris,
1651 500 1699 531 14.
1725 499 1911 531 eruditionis
1935 510 1972 531 ac
1998 501 2046 532 lit-

117 552 267 587 terarum,
293 548 344 579 33.
369 547 508 587 vestigia
533 551 563 578 et
587 547 792 583 lineamenta,
827 547 878 578 36.
903 546 1145 587 perturbatione
1170 555 1207 577 ae
1231 545 1372 583 licentia,
1409 546 1460 576 39.
1495 555 1571 576 cura
1596 550 1626 576 et
1652 544 1799 576 anxietas
1824 545 1907 585 stili3
1933 546 1962 575 4.
1987 545 2046 576 fre-

118 603 218 633 quens
243 597 274 624 et
299 591 446 631 adsidua,
487 593 516 623 5.
541 601 594 623 reo
620 596 650 622 et
675 591 880 632 periclitanti.
923 592 972 623 13.
997 591 1140 630 inquieta
1166 596 1197 621 et
1222 590 1330 629 anxia,
1356 590 1407 621 20.
1432 590 1565 630 pulcher
1590 594 1619 620 ct
1645 595 1784 629 ornatus,
1811 590 1862 620 22.
1887 589 2047 630 expolitus

117 642 147 668 et
172 636 354 678 splendens,
380 637 431 667 22.
456 635 551 667 tarda
576 640 607 667 et
631 636 734 675 inerti,
760 636 811 667 36.
837 636 1043 677 conspicuum
1068 640 1098 666 et
1123 635 1328 674 eminentem,
1355 635 1383 665 S.
1408 634 1610 665 accumulare
1635 638 1666 664 et
1691 644 1873 673 congerere,
1900 634 1928 664 9.
1955 643 2046 665 excu—

116 682 163 713 dit
188 686 219 712 et
244 681 453 721 elucubravit,
483 682 533 712 18.
557 680 669 712 fortius
695 686 725 712 et
751 681 922 712 audentius
947 680 1063 715 dicere.
1089 681 1140 710 21.
1165 679 1333 711 sublimius
1367 683 1397 710 et
1429 679 1546 710 cultius
1572 678 1611 719 d.,
1637 678 1687 710 25.
1712 678 1855 709 invidere
1880 682 1911 709 et
1935 678 2044 718 livere,

116 727 167 757 36.
192 725 368 766 composita
393 730 423 756 et
449 726 557 765 quieta
581 725 757 766 republica,
783 726 834 757 38.
860 725 997 756 turbidis
1021 730 1052 755 et
1077 724 1228 764 inquietis
1253 724 1459 764 temporibus.

204 770 324 801 Addidi
357 771 607 801 ‹albrici-ationis
639 771 799 810 exempla,
837 779 934 809 quam
964 779 1196 810 saepenumero
1244 769 1277 799 in
1310 767 1495 809 synonymis
1530 772 1560 798 et
1595 767 1627 798 in
1670 767 1826 808 oppositis
1860 772 2048 808 usurpatam

115 815 294 846 invenimus
319 819 351 845 et
374 815 407 845 in
432 815 545 846 Tacito
569 818 601 845 ct
625 815 659 845 in
683 814 829 854 dialogo:
863 814 989 845 diversa
1026 813 1278 845 adlitterationis
1312 822 1433 853 genera
1457 811 1611 843 adhibere
1636 812 1785 842 Tacitum
1809 812 1872 842 iam
1896 812 2047 843 Pabstius

115 859 290 891 rectissime
324 859 502 899 adnotavit,
542 859 668 899 Proleg.
700 870 730 900 p.
758 860 805 891 16.
853 859 985 891 Constat
1015 859 1171 889 latissime
1206 863 1320 899 patere
1354 868 1446 889 usum
1478 856 1726 888 adlitterationis
1759 856 1847 896 apud
1880 856 2048 896 Romanos,

116 914 179 936 non
203 904 306 935 solum
329 903 419 944 apud
442 909 555 945 poetas
579 903 728 945 (quorum
743 904 901 945 exempla,
919 914 957 934 ac
981 903 1154 944 praecipue
1178 903 1341 941 Plautina,
1359 902 1519 942 congessit
1536 901 1681 932 Nackius
1705 901 1738 931 in
1762 900 1872 932 Museo
1895 901 2049 932 Rhenano

118 948 216 989 1829)
237 948 294 980 sed
318 948 416 979 etiam
439 948 527 989 apud
553 948 733 989 scriptores.
781 950 897 980 Confer
921 948 1177 979 dissertationem
1201 957 1298 987 quam
1322 957 1424 987 nuper
1452 946 1510 985 „de
1535 945 1803 977 adnominationis
1828 952 1859 976 et
1884 945 2048 976 adlittera>

115 993 210 1024 tionis
241 992 330 1033 apud
364 993 548 1024 Ciceronem
579 995 657 1024 usu“
708 993 809 1025 Iulius
840 992 1048 1024 Theobaldus
1072 993 1216 1033 (Bonnae
1244 993 1343 1033 1852)
1367 991 1504 1033 scripsit.
1552 990 1662 1022 Cicero
1686 989 1746 1021 hac
1772 999 1897 1029 quoque
1927 990 2050 1021 ratione

115 1038 146 1068 in
171 1037 335 1068 vocabulis
360 1038 583 1069 venustissime
608 1037 699 1069 lusit:

204 1081 234 1113 d.
261 1081 313 1113 Or.
340 1083 368 1121 1,
398 1084 425 1122 1,
451 1083 470 1113 :2
496 1082 656 1113 maximae
681 1082 781 1114 moles
804 1082 1023 1114 molestiarum
1048 1086 1078 1113 et
1104 1081 1400 1113 turbulentissimae
1424 1084 1644 1121 tempestates.

204 1126 312 1158 Milon.
340 1128 390 1167 11,
416 1127 459 1158 30
481 1127 514 1158 11
541 1127 627 1158 11013
650 1127 700 1158 vis
724 1128 776 1158 101
808 1127 915 1168 potius
938 1134 1096 1167 oppressa
1119 1127 1238 1157 111-11110
1263 1124 1401 1156 audacia
1426 1130 1482 1156 est.
1507 1126 1559 1161 25,
1586 1125 1625 1156 67
1651 1123 1684 1154 in
1708 1123 1767 1155 1100
1791 1123 1840 1155 115
1864 1141 1907 1145 —
1932 1129 1963 1154 et
1988 1133 2050 1155 non

116 1170 210 1203 unius
233 1171 295 1202 ’111-1
319 1171 422 1211 111-05;
463 1175 495 1203 et
520 1182 591 1203 cum
615 1173 782 1214 (maphora
809 1173 861 1212 26,
887 1172 929 1203 29
955 1172 1024 1211 erit,
1052 1171 1112 1202 erit
1137 1170 1217 1202 illud
1241 1170 1383 1211 profecto
1407 1174 1534 1211 tempus
1559 1174 1589 1200 et
1614 1169 1771 1200 illucescit
1795 1168 1850 1199 ille
1875 1167 2049 1207 aliquando

114 1216 191 1247 dies.
240 1216 301 1247 cfr.
328 1216 391 1247 Ci‘c.
416 1217 504 1247 Lael.
529 1216 577 1247 ed.
603 1216 700 1257 Seyfl'.
727 1217 800 1248 358.

203 1260 381 1302 Amphora
407 1265 438 1292 et
462 1261 495 1292 in
519 1261 631 1293 Tacito
656 1265 687 1292 et
711 1261 745 1292 in
769 1261 898 1301 dialogo
922 1260 1112 1302 plerumque
1135 1259 1362 1300 geminationis
1385 1259 1487 1291 forma
1511 1259 1715 1300 exprimitur:
1752 1267 1825 1289 raro
1858 1257 2048 1289 vocabulum

114 1304 246 1345 aliquod
270 1308 319 1335 ter
343 1310 497 1344 quaterve
520 1305 685 1346 repetitur.

204 1350 317 1380 Durae
341 1351 577 1390 c0111posz'tz'0721's
602 1354 632 1380 et
657 1350 727 1381 soni
752 1349 860 1389 aliquo
884 1348 977 1380 modo
1002 1349 1109 1379 iterati
1134 1353 1165 1379 et
1191 1348 1414 1389 complosionis
1446 1347 1645 1388 syllabarum
1678 1347 1827 1387 exempla
1852 1346 1988 1386 conlegi,
2014 1350 2047 1377 ut

116 1396 299 1425 Gutinanno
324 1394 543 1425 satisfacerem
569 1399 600 1424 ct
625 1393 770 1425 Ernestio
795 1393 838 1424 ad
864 1393 968 1424 Germ.
993 1394 1037 1424 40
1061 1393 1080 1423 t'.
1105 1392 1291 1423 adnotanti:
1320 1393 1470 1429 ,auribus
1499 1392 1577 1422 meis
1602 1391 1712 1422 durius
1746 1393 1822 1423 051.“
1871 1391 1914 1421 At
1938 1400 2046 1431 saepe.

115 1438 200 1478 qnod
226 1437 457 1469 Germanorum
482 1438 612 1474 auribus
638 1437 797 1478 displicet,
823 1437 929 1478 placet
954 1436 1039 1467 idem
1063 1433 1135 1467 aliis
1160 1436 1343 1467 nationibus
1368 1440 1399 1467 et
1423 1436 1573 1467 vicissim.

204 1481 269 1513 Sed
294 1482 370 1521 quid
395 1493 498 1514 moror
522 1482 555 1513 in
580 1482 629 1513 his
654 1483 758 1522 rebus,
784 1492 867 1521 quac
891 1491 949 1522 per
973 1491 1007 1512 se
1032 1481 1271 1520 intelleguntur.

205 1527 455 1559 Concizmitatmn
481 1528 685 1558 membrorum
718 1527 751 1557 111
783 1527 896 1558 Tacito
920 1526 1107 1567 Saepissime
1133 1527 1259 1556 cariata
1286 1526 1427 1556 oratione
1459 1524 1674 1556 intermissam
1706 1534 1785 1563 esse,
1816 1533 1865 1555 res
1898 1528 1946 1555 est
1977 1533 2046 1564 pel·—

114 1572 258 1611 vulgata.

204 1616 254 1647 Ita
278 1616 422 1647 variatur
445 1616 478 1647 in
502 1616 631 1656 dialogo
656 1626 782 1655 quoque
806 1625 921 1647 nomen
945 1615 1050 1655 gentis
1076 1620 1106 1646 et
1132 1619 1247 1654 terrae,
1273 1614 1446 1654 singularis
1480 1619 1511 1645 et
1544 1612 1689 1654 pluralis,
1727 1612 1866 1644 3011111111
1891 1616 1921 1643 01
1946 1612 2046 1653 passi-

115 1671 198 1700 111111,
224 1660 415 1700 gerundium
439 1667 469 1692 et
494 1661 678 1692 infinitivus.

204 1704 323 1736 Eodem
355 1705 456 1737 refero
489 1705 573 1745 quod
605 1705 881 1747 amplfflcationcm
910 1705 1112 1735 nmnhrorauz
1146 1703 1316 1735 nominavi.
1364 1703 1602 1743 Saepenumero
1638 1711 1735 1741 quum
1768 1701 1843 1731 bina
1874 1705 1930 1731 aut
1963 1701 2046 1731 trina

115 1750 272 1782 1003111113
297 1749 481 1790 iunguntur,
507 1751 648 1790 Tacitus,
673 1750 755 1781 sicut
780 1749 937 1788 dialogus,
963 1749 1099 1779 alte-rum
1124 1752 1178 1779 aut
1203 1748 1333 1778 tertium
1350 1748 1526 1778 membrum
1543 1746 1764 1777 additamento
1786 1745 1894 1785 aliquo
1921 1744 2046 1784 longius

117 1794 212 1826 efficit
237 1794 303 1825 5110
328 1794 476 1834 augendo
501 1804 567 1826 rem
592 1794 734 1836 explicat
759 1794 826 1825 5110
851 1792 1000 1833 negando
1024 1793 1091 1824 sive
1117 1791 1341 1833 comparando.

206 1839 296 1869 Hane
321 1839 510 1870 varietatem
535 1839 567 1870 iu
592 1840 804 1870 conlocatione
831 1839 1044 1875 membrorum,
1070 1837 1124 1877 qui
1149 1838 1308 1868 clziusmus
1333 1840 1475 1875 Vocatur,
1502 1834 1599 1866 habet
1625 1838 1655 1866 et
1679 1834 1827 1874 dialogus
1850 1838 1880 1865 et
1905 1833 2046 1865 Tacitus.

207 1884 244 1914 In
270 1893 307 1914 03
332 1888 424 1924 parte
450 1893 531 1922 quae
557 1888 604 1915 est
634 1883 674 1914 de
708 1884 920 1914 conlocatione
951 1883 1120 1915 verborum.
1149 1882 1177 1913 si
1209 1881 1287 1912 mihi
1311 1891 1369 1921 per
1401 1879 1552 1920 temporis
1584 1879 1752 1919 angustias
1777 1879 1928 1919 licuisset,
1953 1878 2046 1918 plura

117 1929 253 1959 tortasse
278 1927 426 1968 exempla
451 1938 500 1958 rue
524 1928 708 1959 adlaturum
732 1928 830 1959 fuisse
854 1927 974 1967 opinor.
999 1926 1225 1967 Anastrophen
1257 1925 1387 1965 quidem
1416 1923 1689 1965 praepositionum
1716 1922 1784 1964 (cfr.
1809 1923 1910 1954 Boett.
1929 1922 2046 1963 11119)

118 1972 204 2013 apud
229 1973 378 2003 Tacitum
403 1972 556 2003 usitatam
579 1973 612 2003 in
635 1972 786 2003 familiari
811 1971 932 2011 dialogi
956 1981 1099 2002 sermone
1133 1981 1225 2002 nemo
1251 1969 1466 2001 desiderabit:
1506 1969 1669 2008 nonnulla,
1704 1967 1858 2009 imprimis
1883 1966 2045 1998 Adverbia

118 2023 148 2048 ct
174 2017 421 2048 Coniunctiones
445 2017 642 2058 postpositae
667 2016 735 2058 (cfr.
761 2015 862 2047 Index
888 2016 1099 2051 Latinitatis),
1126 2015 1204 2046 mire
1229 2025 1300 2046 011111
1325 2014 1437 2045 Tacito
1463 2013 1673 2044 consentiunt.

207 2062 421 2093 Gradatz'om's
446 2062 594 2102 exempla
619 2061 725 2093 insunt
750 2061 848 2092 etiam
872 2061 905 2091 in
929 2070 966 2091 ea
990 2060 1150 2101 particula
1175 2069 1257 2099 (11130
1282 2058 1564 2100 amplificationem
1588 2057 1799 2089 membrorum
1824 2056 1973 2088 eontinet.

207 2107 427 2137 Inmmctate'onc
452 2105 518 2145 illa,
544 2116 641 2145 quam
665 2105 866 2145 grammatici
892 2106 1107 2147 metonfflnluuz
1141 2108 1266 2143 vocant,
1306 2104 1490 2142 frequenter
1524 2102 1623 2133 utitur
1655 2102 1787 2133 Tacitus
1821 2110 1922 2139 eaque
1954 2099 2044 2139 eligit

120 2151 275 2182 voeabula
299 2151 332 2182 in
357 2151 472 2190 quibus
497 2150 607 2181 1111113
632 2150 791 2190 quaedam
816 2154 846 2180 et
872 2149 980 2180 audax
1004 2150 1109 2189 im‘ago
1134 2149 1227 2188 inest,
1245 2147 1325 2179 adeo
1341 2153 1374 2178 ut
1400 2148 1445 2178 015
1463 2156 1546 2186 (11130
1570 2156 1632 2177 11011
1656 2146 1758 2178 50111111
1783 2156 1801 2176 3
1826 2144 2043 2184 scriptoribus,

120 2195 176 2226 sed
200 2205 297 2236 saepe
322 2195 419 2226 etiam
444 2205 462 2225 a
487 2195 590 2235 poetis
615 2195 742 2234 vulgari
765 2198 890 2225 tantum
914 2204 1010 2225 sensu
1038 2197 1242 2234 usurpantur,
1277 2197 1332 2223 aut
1356 2191 1512 2223 translate
1541 2195 1659 2231 utatur,
1695 2195 1750 2222 aut
1785 2189 1923 2230 quodam
1951 2188 2044 2219 modo

121 2244 224 2270 novet.
273 2240 343 2277 Qua
368 2240 408 2271 de
432 2249 466 2270 re
491 2239 674 2270 Boetticher
697 2239 729 2270 in
754 2239 879 2278 I'roleg.
905 2238 1006 2269 fusius
1031 2238 1189 2269 disseruit.

210 2284 342 2316 Tacitus
366 2295 428 2315 non
452 2283 545 2315 modo
569 2289 736 2324 poetarum
760 2283 881 2315 colores
906 2283 1043 2314 orationi
1067 2282 1180 2321 induit,
1206 2281 1264 2313 sed
1288 2281 1385 2312 etiam
1408 2280 1499 2311 novis
1523 2279 1687 2311 vocabulis
1721 2287 1899 2310 sermonem
1932 2277 2044 2308 Roma-

122 2338 196 2359 num
221 2328 344 2360 ditavit.
391 2328 557 2360 Eiusmodi
597 2328 629 2358 in
661 2327 790 2367 dialogo
818 2337 900 2359 nova
929 2327 1087 2358 voeabula
1127 2331 1199 2358 sunt
1223 2326 1409 2365 scurrilitas,
1434 2325 1585 2366 planitas,
1621 2323 1717 2355 statio
1757 2321 2043 2363 (fitcgicmmssssjulm,

122 2373 328 2413 histrionalis,
353 2373 527 2404 uniformis.

211 2417 249 2447 In
266 2417 394 2458 dialogo
411 2417 567 2459 peculiari
584 2416 677 2448 modo
694 2416 869 2455 iunguntur
885 2415 1066 2447 substantia
1083 2415 1283 2451 facultatum,
1301 2414 1458 2445 utilitates
1476 2414 1571 2453 alere,
1590 2411 1752 2452 negotium
1775 2411 1837 2442 sibi
1861 2410 2043 2451 importare,

120 2469 281 2493 maturare
305 2461 433 2503 festino;
457 2462 603 2503 poeticae
627 2465 682 2492 aut
708 2460 864 2499 insolitae,
891 2460 947 2491 sed
971 2460 1003 2490 in
1027 2459 1095 2499 ipso
1121 2459 1233 2490 Tacito
1258 2459 1373 2491 obviae
1398 2458 1553 2489 dictiones
1570 2462 1660 2488 sunt:
1692 2455 1843 2495 admissa,
1869 2465 1954 2495 cura,
1981 2454 2042 2486 dis-

122 2506 264 2546 crimina,
290 2506 385 2546 orbis,
417 2507 549 2547 placita,
582 2505 766 2547 proeliator,
796 2513 952 2544 proceres,
982 2504 1180 2544 obsequium,
1206 2504 1311 2543 rubor,
1337 2503 1474 2542 suboles,
1505 2502 1613 2541 livere,
1644 2499 1785 2532 studium
1808 2499 1946 2539 haurire,
1979 2510 2041 2530 am-
