2238 2735
138 1346 185 1374 34.

220 157 257 186 H.
280 160 305 186 1.
329 159 364 187 68
395 159 464 186 ante
485 157 643 186 discrimen
665 155 790 192 feroces,
822 156 850 184 iu
872 155 1004 192 periculo
1025 164 1076 193 pa-

260 197 331 224 vidi.

261 235 310 266 (H.
332 237 359 264 2.
383 237 419 263 Π
440 244 478 262 111.
502 233 660 262 discrimen
682 241 716 260 ac
739 231 895 269 pericula.)

222 270 270 301 Hs
284 277 308 310 1,
332 275 368 302 37
390 282 486 310 poena
508 281 573 300 mea
595 276 624 300 ct
647 271 823 307 supplicium
846 274 987 299 vestrum.

219 311 255 340 A.
277 314 305 345 2,
328 314 365 341 GU
386 312 405 340 f.
433 312 463 339 vi
484 311 660 339 Parthorum
683 315 734 337 aut
756 310 889 346 potentia
913 310 1055 337 Romana.

219 350 255 378 A.
280 352 324 386 15,
351 352 384 379 16
408 353 557 378 certamen
580 349 700 376 virtutis
723 352 751 376 et
772 348 896 376 ambitio
918 349 1042 384 gloriae.

218 389 254 417 A.
279 391 323 425 15,
345 390 381 417 58
402 388 542 416 fortuitus
564 396 660 415 sermo
683 390 711 415 et
735 387 824 414 subiti
848 396 998 415 occursus.

217 427 253 455 A.
277 429 321 459 15.
344 429 381 456 60
409 435 560 455 sermones
581 430 699 454 mutuos
722 428 750 453 et
774 425 878 453 crebra
908 425 1076 461 conloquia.

141 473 147 478 ·
181 487 187 493 .
219 465 320 494 iudicii
355 474 390 493 ac
420 465 584 493 voluntatis
611 463 833 492 similitudinem
865 467 893 492 ct
925 464 1076 501 cognatio-

217 513 293 532 nem.

219 543 278 579 Ag.
299 543 318 570 4
338 541 357 570 f.
389 542 542 570 incensum
564 550 599 569 ac
621 541 797 578 flagrantem
823 541 952 569 animum
974 559 1010 561 —
1033 550 1077 570 su-

257 581 345 609 blime
377 584 407 609 et
438 583 568 608 erectum
599 580 748 616 ingenium
770 580 1021 616 pulchritudinem
1042 589 1077 608 ac

258 619 387 656 speciem
408 627 535 655 magnae
558 619 755 655 excelsaeque
779 619 892 655 gloriae
913 635 959 646 —.

219 658 257 686 H.
279 659 305 689 2,
329 659 364 687 37
386 658 406 686 f.
428 666 524 694 neque
545 674 583 677 —
606 666 743 693 sperasse
772 661 887 685 tantam
913 657 995 693 vulgi
1016 666 1076 685 mo-

255 697 441 725 derationem
462 704 538 732 reor,
560 698 592 724 ut
616 696 666 732 qui
687 705 792 731 pacem
815 696 885 724 belli
899 704 1000 723 amore
1016 698 1074 724 tur—

259 733 416 771 baverant,
440 735 549 763 bellum
571 734 656 771 pacis
679 735 807 762 caritate
830 734 1023 770 deponerent.

218 774 337 810 ingenio
359 774 459 810 potius
480 776 509 801 et
531 773 561 801 vi
581 776 706 801 naturae
729 782 817 809 quam
839 773 1024 801 institutione
1047 776 1075 801 et

217 812 337 842 litteris.

213 860 272 880 non
303 851 398 879 solum
431 849 551 887 ingenio
581 859 617 878 ac
639 850 755 887 spiritu,
787 850 840 878 sed
867 850 957 879 etiam
980 850 1074 878 crudi-

216 890 296 918 tione
319 893 347 917 et
370 891 444 917 arte.

178 949 184 956 .
216 937 313 965 neque
335 931 451 956 tantum
484 929 548 956 arte
571 930 601 956 et
623 927 757 963 scientia,
790 927 843 956 sed
868 928 957 964 longe
978 927 1075 964 magis

217 966 361 995 facultate
385 969 414 995 et
436 975 500 995 usu.

180 1026 186 1033 .
209 1014 277 1044 ,non
299 1005 414 1033 viribus
435 1005 523 1033 modo
545 1007 575 1033 et
595 1005 695 1041 armis,
727 1005 779 1033 sed
810 1005 929 1041 ingenio
957 1013 1074 1042 quoque

219 1048 248 1072 et
271 1044 414 1072 oratione.

184 1104 190 1110 .
223 1082 253 1110 vi
276 1085 305 1112 et
325 1085 487 1119 potestate,
508 1090 567 1110 non
588 1081 651 1110 iure
674 1085 703 1111 ct
724 1081 851 1119 legibus.

1088 58 1213 89 19—

1132 156 1179 184 28.
1211 162 1272 182 11011
1294 153 1393 183 studia
1415 155 1502 184 modo
1525 164 1682 194 curasque,
1705 157 1757 187 sed
1772 158 1962 187 remissiones
1977 159 2065 188 etiam

1210 192 1363 229 lususque.

1209 231 1266 267 Ag.
1289 233 1306 259 3
1328 240 1385 259 non
1410 241 1492 268 spem
1523 233 1610 261 modo
1640 243 1675 263 ac
1707 238 1808 264 votum
1830 252 1867 256 —
1889 235 1942 264 sed
1972 236 2066 273 ipsius

1248 270 1310 297 voti
1334 270 1471 299 tiduciam
1493 280 1527 299 ac
1549 273 1650 300 robur.

1210 309 1304 352 ⁰⁷:25
1326 317 1384 336 11011
1407 310 1563 346 disciplina
1585 314 1614 339 et
1636 312 1806 348 severitate,
1829 312 1882 341 sed
1903 312 2015 349 impetu
2037 316 2065 341 et

1248 356 1301 374 ira.

1211 386 1246 415 G.
1268 387 1304 413 27
1326 386 1456 414 lamenta
1480 390 1508 415 et
1530 388 1669 417 lacrimas
1691 388 1760 425 cito,
1792 389 1924 418 dolorem
1946 392 1976 418 et
1998 390 2063 419 tris-

1249 424 1346 452 titiam
1369 425 1453 453 tarde
1475 429 1597 461 ponunt.

1210 463 1267 500 Ag.
1290 465 1325 490 31
1357 463 1434 491 bona
1474 464 1670 502 fortunaeque
1702 466 1731 494 in
1763 466 1917 503 tributum,
1942 470 2066 504 ageret

1249 510 1345 530 annus
1367 501 1395 529 in
1417 501 1604 531 frumentum.

1211 540 1268 577 Ag.
1291 541 1327 568 33
1349 549 1407 568 11011
1429 541 1508 569 fama
1531 551 1584 570 ncc
1607 552 1733 581 rumore,
1765 545 1818 573 sed
1841 545 1948 574 castris
1970 547 1998 573 et
2020 553 2064 573 ar-

1249 579 1304 607 mis
1327 582 1469 607 tenemus.

1211 617 1246 647 G.
1268 619 1304 646 41
1327 616 1346 644 f.
1370 626 1459 653 quum
1475 619 1581 647 ceteris
1596 620 1736 655 gentibus
1751 631 1835 650 arma
1850 622 1938 651 modo
1954 624 2065 650 castra-

1255 665 1312 693 que
1342 661 1444 684 nostra
1477 658 1678 695 ostendamus,
1710 659 1756 688 his
1788 661 1891 690 domos
1918 661 2065 697 villasque

1246 694 1453 732 patefecimus.

1209 735 1246 763 H.
1269 736 1295 770 5,
1318 735 1355 761 24
1376 733 1444 762 inde
1467 734 1602 762 iniuriam
1625 738 1653 764 ct
1676 736 1803 773 culpam,
1832 737 1899 766 hinc
1923 738 2065 767 ultionem

1249 776 1279 802 et
1302 772 1384 800 deos.

1210 812 1245 841 G.
1268 812 1305 840 33
1330 820 1389 839 non
1419 811 1509 840 armis
1539 812 1667 848 telisque
1697 813 1849 851 Romanis,
1890 814 1952 850 sed,
1987 815 2067 852 quod

1248 849 1488 886 magnificentius
1511 854 1565 880 cst.
1589 851 1783 883 oblectationi
1805 853 1968 889 oculisque.

1209 889 1300 925 (Dial.
1325 889 1361 917 G.
1384 889 1538 924 egregium
1559 893 1679 925 poetam
1701 891 1759 927 vel,
1783 891 1807 919 si
1822 891 2067 921 honorificentius

1248 930 1303 963 est,
1327 927 1599 963 praeclarissinnim
1621 932 1744 965 vatem.)

1211 966 1248 995 H.
1271 968 1298 1001 3,
1320 968 1357 995 53
1378 975 1415 993 m.
1438 975 1497 994 non
1520 975 1551 994 se
1573 967 1684 996 nuntiis
1701 970 1730 996 et
1745 968 1891 1006 epistulis,
1914 968 1967 998 sed
1980 978 2069 998 11131111

1248 1008 1277 1033 et
1299 1005 1398 1033 armis.

1208 1043 1245 1072 H.
1268 1045 1295 1080 4,
1319 1045 1354 1072 76
1377 1043 1395 1071 f.
1428 1043 1521 1071 verba
1544 1046 1573 1073 et
1595 1044 1754 1073 conciones
1785 1054 1874 1083 quam
1903 1046 2017 1076 ferrum
2039 1050 2067 1075 et

1247 1091 1331 1111 arma
1352 1082 1535 1111 meditantis.

781 1200 1334 1254 ADLITTERA
1349 1202 1526 1253 1⁷10.

589 1307 634 1333 A·

217 1344 392 1374 Adversarii
414 1348 443 1374 et
464 1345 582 1373 aemuli.
625 1347 664 1375 20
684 1346 794 1382 vulgus
815 1345 1026 1374 adsistentium
1049 1348 1079 1375 et

219 1383 355 1412 adfluens
378 1388 407 1412 et
428 1392 525 1420 vagus
547 1383 666 1412 auditor
687 1384 836 1413 adsuevit.
866 1386 883 1413 2
903 1385 992 1413 11111115
1007 1385 1076 1412 alie-

218 1431 323 1450 narum
348 1422 456 1450 artium
477 1421 675 1451 adminiculis.

216 1460 274 1497 Ag.
297 1462 334 1490 31
355 1469 430 1497 ager
451 1464 480 1488 et
501 1469 606 1489 annus.

215 1499 272 1536 Ag.
294 1501 333 1528 44
352 1498 559 1527 adfinitatibus
581 1502 610 1527 et
631 1499 782 1528 amicitiis.

254 1537 379 1566 finitatis
401 1540 453 1566 aut
474 1538 634 1566 amicitiae.

217 1576 254 1604 H.
278 1579 304 1613 1,
327 1578 364 1606 84
393 1585 475 1604 arma
507 1579 536 1605 et
563 1577 689 1605 animus.

256 1618 347 1652 atque
368 1615 459 1643 acies.

220 1653 256 1682 H.
280 1655 306 1689 3,
333 1655 368 1682 10
389 1656 470 1682 artes
492 1656 521 1682 et
542 1654 717 1683 auctoritas.

258 1697 287 1720 et
308 1692 498 1721 auctoritate.

220 1730 255 1758 A.
277 1732 304 1766 2,
327 1732 363 1759 32
385 1731 581 1760 auctoritates
602 1731 860 1768 adulationesque.

220 1769 257 1797 H.
281 1772 306 1805 1,
328 1771 364 1797 51
386 1769 544 1798 avaritiam
565 1772 595 1798 et
616 1770 835 1806 adrogantiam.
866 1769 901 1798 A.
918 1771 945 1806 3,
956 1771 994 1799 34
1015 1779 1074 1798 am-

260 1807 403 1836 bitionem
433 1813 482 1837 aut
511 1809 680 1837 avaritiam.
725 1809 761 1837 A.
792 1810 818 1845 2,
852 1811 886 1837 13
916 1809 1075 1837 ambitiose

260 1854 420 1883 avareque.
461 1847 496 1875 A.
520 1848 564 1883 16,
586 1849 623 1876 23
654 1847 786 1876 amicitia
817 1848 849 1875 P.
881 1850 910 1875 et
940 1847 1075 1876 ambitio.

220 1884 256 1913 A.
282 1887 327 1919 15,
352 1886 390 1913 43
429 1886 587 1922 angustiae
625 1886 763 1914 itinerum
794 1891 823 1915 et
857 1885 985 1914 altitudo
1016 1889 1075 1915 tec-

259 1926 365 1952 torum.

825 1500 860 1528 A.
883 1501 910 1536 6,
933 1502 950 1528 9
971 1499 990 1527 f.
1021 1499 1072 1528 ad-

731 1577 768 1605 H.
790 1578 817 1613 4,
840 1578 878 1605 50
907 1585 960 1613 per
990 1586 1073 1605 arma

759 1654 796 1682 H.
819 1656 846 1691 3,
868 1655 907 1683 20
927 1653 1073 1691 adspectu

222 1962 259 1990 A.
284 1964 327 1997 16,
350 1963 386 1990 31
408 1962 516 1990 altaria
537 1965 566 1991 et
587 1971 670 1991 aram
692 1963 857 1999 complexa.

223 2001 259 2029 H.
282 2002 309 2037 3,
332 2002 367 2028 22
390 2009 427 2028 m.
458 2009 578 2038 anceps,
610 2004 707 2030 atrox.
749 2002 786 2030 H.
809 2004 836 2038 2,
858 2003 894 2031 86
925 2002 1075 2039 ambigua,

220 2042 372 2114 Hagcipg
376 2048 425 2105 1111.
456 2077 582 2106 arduum
603 2081 632 2107 et
653 2079 734 2107 nullo
756 2079 839 2107 iuxta
861 2078 996 2108 subsidio
1026 2088 1075 2108 an-

223 2125 368 2191 H.c‘41,)b{35
395 2154 478 2182 adire
500 2154 692 2192 adloquique.
734 2156 771 2184 H.
796 2158 821 2193 1,
843 2157 879 2185 52
910 2156 1077 2185 adimendis

259 2193 506 2230 adsignandisve.

223 2232 261 2260 H.
283 2234 310 2268 1,
331 2234 367 2260 21
390 2231 540 2267 agendum
561 2231 800 2269 audendumque.

222 2271 261 2299 H.
283 2272 310 2306 3,
332 2272 371 2299 54
390 2270 410 2298 f.
432 2270 636 2306 abnuentique
657 2287 695 2291 —
716 2274 807 2308 atque
828 2288 865 2292 —
886 2272 1035 2309 arguenti.

221 2308 257 2337 A.
280 2310 325 2345 15,
349 2310 386 2338 58
407 2308 427 2336 f.
458 2308 618 2337 adsistenti
647 2309 859 2347 adnuentique.
910 2311 946 2339 A.
975 2312 1019 2347 15,
1041 2312 1075 2340 51

260 2347 425 2375 accendere
446 2350 475 2375 et
496 2356 632 2383 arguere.

224 2384 259 2413 A.
281 2387 309 2421 4,
331 2388 348 2414 2
370 2395 408 2414 m.
430 2385 579 2422 adeundo,
601 2385 793 2421 adpellando.

223 2423 259 2452 A.
283 2425 328 2460 15,
351 2426 386 2453 15
407 2433 445 2452 m.
467 2424 688 2461 adgnoscentes
710 2425 988 2464 abstralientesque.

224 2462 260 2491 A.
283 2463 329 2498 12,
350 2464 386 2492 51
408 2463 558 2500 amplecti,
580 2462 724 2494 adlevari.
747 2463 910 2493 adhortari.

1210 1307 1267 1343 Ag.
1289 1309 1327 1336 24
1357 1310 1540 1336 armatorum
1566 1308 1814 1346 adspiciebantur
1839 1312 1870 1338 et
1895 1309 1993 1339 adhuc
2014 1310 2065 1339 ad-

1248 1345 1361 1374 fluebat
1382 1363 1420 1366 —
1441 1347 1590 1375 iuventus.

1207 1383 1265 1420 Ag.
1288 1386 1329 1450 32.
1352 1393 1447 1413 vanus
1468 1385 1631 1422 adspectus
1653 1388 1683 1414 et
1703 1386 1768 1415 auri
1788 1386 1888 1423 fulgor
1909 1390 2000 1424 atque
2022 1396 2066 1416 ar-

1271 1431 1306 1450 en
1322 1431 1340 1450 1.

1207 1430 1270 1504 Ag?
1287 1462 1323 1504 33
1353 1461 1474 1497 agmina
1504 1463 1533 1490 et
1564 1470 1712 1491 armorum
1744 1462 1880 1500 fulgores
1916 1463 2066 1493 audentis-

1246 1507 1313 1527 simi
1333 1516 1380 1527 —.

1207 1536 1242 1566 G.
1266 1539 1282 1566 7
1303 1541 1372 1567 aute
1395 1539 1490 1567 aciem
1511 1542 1615 1576 agunt,
1637 1539 1838 1570 admiratione
1859 1545 2012 1578 praesunt.

1131 1653 1174 1680 15.
1207 1651 1360 1718 IConcentu
1382 1656 1412 1682 ct
1434 1653 1624 1683 clamoribus.
1662 1656 1697 1684 18
1720 1655 1901 1693 coniungere
1923 1660 1953 1686 et
1976 1665 2066 1694 copu-

1219 1699 1279 1718 are.

1130 1730 1176 1758 31.
1208 1730 1375 1758 conlectum
1398 1733 1427 1759 et
1449 1731 1640 1760 concludens.
1676 1733 1693 1760 6
1716 1740 1891 1762 conversos:
1913 1734 1993 1762 coire
2013 1742 2064 1770 po-

1207 1768 1309 1804 pulum
1331 1771 1359 1797 et
1382 1770 1577 1798 circumfundi
1599 1779 1748 1799 coronam.

1208 1806 1245 1834 H.
1269 1808 1296 1843 5,
1320 1809 1354 1836 15
1381 1812 1470 1836 cantu
1491 1812 1543 1836 aut
1566 1810 1703 1837 clamore.
1734 1809 1771 1837 H.
1793 1811 1820 1846 2,
1843 1811 1861 1838 8
1883 1810 2016 1840 citharae
2037 1814 2066 1840 et

1248 1848 1363 1912 gamus.
1405 1847 1441 1875 A.
1468 1848 1495 1884 3,
1523 1849 1558 1876 12
1600 1848 1787 1876 contumacia
1829 1851 1858 1877 et
1900 1849 2066 1878 certamini-

1270 1892 1314 1912 us.

1210 1922 1248 1950 H.
1271 1924 1299 1959 2,
1321 1925 1359 1952 20
1380 1923 1399 1951 f.
1423 1924 1546 1952 consilia
1570 1922 1726 1962 curasque.
1768 1925 1805 1954 H.
1827 1927 1853 1961 1,
1876 1926 1912 1955 87
1933 1935 1971 1954 m.
1998 1935 2065 1956 con-

1249 1961 1347 1990 silium
1369 1965 1398 1990 et
1421 1963 1570 1992 custodes.

1210 1999 1247 2027 H.
1270 2002 1296 2037 1,
1319 2002 1357 2029 30
1387 2002 1614 2031 comissationes
1645 2004 1675 2031 et
1704 2002 1723 2030 f.
1758 2004 1869 2031 coetus.
1911 2003 1948 2031 H.
1975 2004 2003 2039 4,
2029 2004 2066 2032 64

1251 2039 1409 2076 conloquia
1432 2049 1679 2078 congressusque.
1709 2041 1745 2069 A.
1767 2043 1795 2078 4,
1818 2042 1854 2070 69
1876 2050 2065 2078 congressus,

1250 2078 1418 2114 conloquia.
1450 2079 1486 2107 A.
1510 2081 1555 2115 13,
1577 2081 1614 2108 46
1636 2079 1656 2108 f.
1679 2088 1841 2116 congressu
1863 2082 1892 2108 et
1914 2080 2065 2109 comitatu.

1248 2115 1285 2144 A.
1307 2118 1334 2153 3,
1353 2118 1391 2145 40
1421 2118 1621 2147 conciliabula
1646 2121 1676 2147 et
1702 2121 1814 2147 coetus.
1860 2119 1895 2146 A.
1919 2120 1946 2155 3,
1968 2119 2005 2147 53
2035 2119 2065 2147 in

1250 2155 1396 2184 conviviis
1426 2158 1455 2184 et
1478 2156 1605 2186 circulis.
1635 2157 1776 2194 A.14,15
1798 2166 1835 2185 m.
1858 2157 2065 2186 conventicula

1249 2196 1279 2222 et
1300 2202 1463 2230 cauponae.

1211 2230 1248 2259 H.
1271 2233 1298 2268 5,
1320 2234 1357 2261 23
1378 2232 1398 2260 f.
1439 2233 1544 2261 classis
1573 2236 1626 2262 aut
1657 2237 1847 2263 commeatus.

1252 2271 1438 2308 castellaque
1460 2275 1489 2300 et
1511 2275 1703 2301 commeatus.

1211 2308 1248 2337 H.
1270 2311 1298 2345 4,
1321 2311 1358 2338 49
1381 2311 1491 2338 crimen
1513 2310 1704 2348 caedemque.
1739 2311 1775 2340 H.
1798 2312 1825 2347 5,
1849 2312 1884 2339 17
1907 2310 2065 2347 captivita-

1248 2351 1309 2376 tem
1331 2348 1516 2385 clademque.

1210 2386 1246 2414 A.
1267 2388 1294 2423 5,
1317 2388 1334 2415 6
1355 2396 1414 2416 11011
1436 2387 1652 2422 crudelitatem,
1674 2397 1732 2416 non
1753 2387 1950 2417 clementiam.

1211 2425 1246 2453 A.
1270 2427 1314 2461 14,
1336 2426 1373 2454 27
1396 2435 1542 2454 consensu
1563 2429 1592 2454 et
1614 2427 1748 2455 caritate.

1217 2465 1333 2531 Ag3b43
1355 2472 1445 2494 caeca
1467 2468 1495 2493 et
1518 2468 1662 2502 conrupta
1684 2473 1766 2494 mens
1775 2464 1911 2496 adsiduis
1920 2466 2066 2497 adulatio-

1254 2512 1284 2531 m
1308 2512 1350 2531 us.

1893 2233 1928 2262 Α.
1956 2234 2001 2269 15,
2030 2235 2066 2262 14
