2238 2735
1047 70 1258 100 *14-

198 171 292 211 plecti
319 170 500 209 eloquentia
526 169 715 209 provincias,
741 177 853 199 nomeu
877 167 1015 198 inserere
1040 166 1154 205 famae,
1181 166 1261 198 hanc
1286 166 1332 197 illi
1355 167 1473 199 famam
1497 167 1715 207 circumdedit,
1739 171 1854 199 natura
1872 167 2033 208 ingenium
2053 169 2104 201 de-

195 215 333 253 negavit.
360 215 462 253 gratia
487 213 652 245 subnixus.
678 211 821 244 adfluens
845 210 971 242 auditor
994 210 1035 241 al.
1082 210 1125 242 L't.
1149 210 1180 241 in
1204 210 1332 250 dialogo
1356 211 1401 243 sic
1426 212 1457 243 in
1482 212 1595 244 Tacito
1619 211 1852 251 coniunguntur
1875 212 2051 254 principem
2075 214 2105 245 iu

194 259 323 289 civitate
349 259 460 297 locum,
487 258 590 288 infans
615 256 785 295 delegatur
808 255 944 294 ancillis,
970 254 1018 285 vis
1043 258 1074 285 et
1099 253 1203 295 ardor,
1228 264 1357 286 nemora
1382 259 1413 286 et
1437 256 1510 295 luci,
1535 255 1710 296 municipia
1734 260 1765 286 et
1789 255 1931 287 coloniae
1954 257 1994 288 al.

283 302 440 342 Imprimis
464 301 618 332 vocabula
644 310 725 339 quae
750 300 910 341 pertinent
934 298 976 329 ad
1001 298 1215 338 eloquentiam
1239 303 1270 330 et
1294 303 1395 330 artem
1419 299 1597 340 splendidis
1624 304 1654 331 et
1679 299 1794 331 vividis
1827 299 2020 340 imaginibus
2043 301 2104 334 dis-

193 348 397 385 tinguuntur:
425 351 457 377 ut
486 346 531 376 12.
557 344 758 384 eloquentiae
781 343 970 385 penetralia,
999 343 1046 373 12.
1071 342 1195 374 lucrosa
1219 347 1254 374 et·
1273 343 1471 383 sanguinans
1504 344 1695 383 eloquentia,
1721 345 1772 376 20.
1798 343 1898 376 tristis
1922 348 1953 375 et
1977 345 2103 386 impexa

193 391 378 430 antiquitas,
418 391 462 421 IS.
491 389 647 427 iuthi-mes,
677 388 728 419 23.
752 388 866 420 maesti
890 391 1041 426 oratores,
1075 387 1126 418 20.
1151 386 1366 427 pulchritudo,
1401 388 1451 420 20.
1481 388 1532 419 21.
1556 388 1692 426 laetitia,
1731 389 1783 420 21.
1813 392 1914 428 tepor,
1949 388 2105 421 lentitudo

193 434 355 471 orationis,
382 436 431 465 21.
458 434 549 464 hians
573 432 768 472 compositio,
794 433 845 464 23.
870 431 1031 470 ieiunium,
1056 431 1107 462 26.
1132 431 1307 462 calamistri
1331 431 1527 464 Maecenatis
1546 450 1583 454 —
1608 432 1742 464 tinnitus
1767 432 1934 471 Gallionis,
1964 433 2015 465 39.
2040 433 2105 465 stili

192 479 348 517 anxietas,
377 480 423 509 15.
449 478 580 508 Brutum
605 476 739 508 otiosum
764 480 795 508 et
819 476 1004 515 diiunctum,
1029 475 1080 506 31.
1097 475 1273 507 conlectum
1297 474 1424 506 dicendi
1448 486 1559 516 genus,
1584 477 1635 508 20.
1652 476 1746 508 decor
1768 494 1807 498 —
1828 476 1960 508 Pacuvii
1975 481 2107 509 veterno

195 523 379 562 inquinatus
413 540 453 544 —
483 532 499 552 e
524 520 645 552 Lucani
669 520 808 552 sacrario
833 520 987 562 prolatuS,
1013 519 1064 550 21.
1088 519 1208 559 sordes,
1232 520 1284 550 26.
1309 519 1412 560 pudor
1435 520 1612 560 verborum,
1648 521 1699 552 22.
1724 521 1909 552 oblitterata
1933 525 1964 552 et
1988 521 2108 553 olentia

193 567 302 605 verba,
327 567 378 597 31.
404 566 556 597 honestae
580 564 839 605 exclamationes,
867 565 916 595 19.
940 563 1091 596 odoratus
1111 562 1357 604 philosophiam,
1382 564 1434 595 20.
1458 564 1491 594 in
1507 564 1622 595 incude
1634 564 1820 605 studiorum,
1845 565 1874 596 2.
1891 565 2021 606 ingenia
2036 565 2106 606 fori,

191 611 241 641 25.
267 610 489 649 cognationem
514 608 623 640 iudicii
649 627 687 631 —
713 609 914 649 eloquentiae
938 607 1072 648 vultum,
1098 608 1147 639 19.
1172 607 1373 647 eloquentiae
1397 608 1522 648 itinera,
1547 612 1606 640 cet.

286 655 401 685 Partes
424 654 663 695 yrammrzticanz
691 659 717 684 et
741 653 979 694 Ieoez'coloqz'cam
1003 651 1114 692 (quam
1137 651 1311 684 secundum
1335 651 1486 684 orationis
1510 662 1593 691 quae
1616 658 1768 685 vocantur
1791 657 1900 694 partes
1915 653 2061 685 ordinavi
2076 658 2107 686 et

191 699 353 739 composui
379 699 571 739 comparatis
596 698 741 737 integrae
765 702 795 729 et
819 700 993 737 argenteae
1017 696 1135 727 aetatis
1158 695 1381 737 scriptoribus)
1407 696 1504 727 etiam
1528 706 1577 728 me
1594 706 1656 728 non
1673 697 1864 738 explicante,
1890 698 2107 738 unusquisque

192 753 247 782 pei·
271 754 304 773 se
330 747 359 773 et
385 743 550 782 intelleget
575 746 606 773 et
630 741 672 772 ad
697 742 917 781 quaestionem
941 749 1024 780 quae
1049 744 1096 772 est
1120 739 1160 771 de
1183 740 1338 781 scriptore
1362 739 1483 780 dialogi
1506 744 1584 781 apte
1607 740 1761 773 adhibere
1784 741 1871 773 sciet.

281 786 317 817 Id
343 796 468 826 quoque
494 785 647 827 propositi
671 786 733 816 mei
758 790 837 826 erat,
873 789 908 817 ut
935 784 1045 816 libello
1076 794 1146 816 meo
1170 784 1310 816 Lexicon
1335 785 1502 816 Taciteum
1527 785 1612 816 Guil.
1636 785 1830 817 Boetticheri
1861 785 1978 827 (Berol.
2004 787 2104 827 1830)

191 831 279 862 novis
305 831 408 862 verbis
434 837 487 862 aut
514 830 585 861 aliis
611 829 765 871 exemplis
789 830 980 871 supplerem.
1004 829 1116 869 Neque
1141 828 1274 860 deerunt
1297 829 1443 869 fortasse,
1469 829 1523 869 qui
1547 839 1587 861 ex
1610 828 1720 861 labore
1743 839 1813 862 meo
1837 830 1960 871 aliquid
1984 830 2104 863 fructus

191 885 226 905 ca
241 875 327 906 iiant.
354 893 391 897 —

231 885 239 915 l
281 919 348 950 Iani
373 920 491 950 emensi
515 929 624 951 sumus
648 929 796 960 campum
819 918 910 950 nobis
934 918 1141 959 propositum.
1166 917 1269 949 Valde
1292 927 1369 949 sane
1393 918 1516 949 lubrica
1540 927 1590 949 res
1615 921 1646 949 et
1669 918 1834 959 perplexa.
1876 918 2040 959 Quidquid
2064 920 2106 951 vi-

193 964 273 994 rium
299 969 328 994 et
355 963 531 994 industriae
556 964 588 994 in
611 963 701 995 nobis
726 967 805 1002 erat,
834 962 877 994 ad
906 962 1136 1003 quaestionem,
1167 971 1250 1001 quae
1282 965 1329 993 est
1365 961 1405 993 de
1435 961 1652 1003 discrepantia
1684 962 1848 1002 sermonis,
1883 962 2108 1004 explicandam

191 1007 393 1045 contulimus,
421 1012 453 1038 ut
472 1017 511 1038 cx
529 1007 765 1039 dubitationum
788 1006 936 1039 fluctibus
960 1006 1002 1038 ad
1026 1010 1152 1047 portum
1176 1005 1396 1038 inveheremur
1413 1005 1519 1047 idque,
1539 1006 1624 1046 quod
1640 1006 1771 1048 Lipsius
1787 1005 1992 1046 desideravit,
2015 1017 2106 1049 prae-

190 1056 354 1083 staremus.
1717 1059 1721 1064 ·

280 1095 382 1127 Omne
407 1101 558 1136 punctum
582 1106 631 1127 me
656 1106 725 1128 esse
749 1096 889 1127 laturum
912 1096 1014 1136 magis
1038 1105 1132 1137 spero
1157 1104 1253 1134 quam
1275 1095 1349 1127 scio.
1381 1095 1453 1127 Non
1476 1095 1587 1135 ignoro
1611 1095 1714 1127 claros
1738 1095 1836 1127 etiam
1861 1094 2003 1128 homines
2036 1095 2107 1128 doc-

191 1142 303 1179 tosque
329 1140 482 1180 imprimis
507 1140 538 1171 in
562 1139 768 1172 diiudicando
793 1139 920 1172 dicendi
944 1149 1062 1180 genere
1086 1139 1245 1171 erroribus
1268 1138 1427 1171 interdum
1450 1139 1605 1171 obnoxios
1629 1139 1743 1172 fuisse:
1772 1138 1876 1180 quid?
1910 1149 2001 1171 mene
2031 1150 2105 1180 quo-

191 1183 270 1215 tidie
301 1183 519 1216 addiscentem
554 1184 639 1215 ultra
672 1184 845 1215 humanam
872 1183 1089 1216 infirmitatem
1120 1183 1259 1224 positum
1293 1193 1362 1215 esse
1395 1182 1545 1215 credam?
1591 1183 1672 1216 Utut
1707 1187 1766 1224 est,
1801 1193 1876 1215 num
1904 1193 2016 1215 revera
2048 1183 2107 1216 hac

191 1238 287 1267 quam
312 1228 499 1260 intravimus
523 1229 575 1259 via
599 1228 632 1259 id
658 1238 719 1268 quo
743 1227 936 1260 tetendimus
959 1228 1058 1260 simus
1081 1227 1235 1268 adsecuti,
1259 1227 1510 1267 aequibonique
1528 1227 1651 1260 iudices
1675 1227 1900 1269 aestimabunt,
1925 1227 2012 1269 apud
2029 1238 2107 1268 quos

192 1272 285 1304 facile
310 1272 436 1303 veniam
461 1277 491 1304 et
516 1272 749 1313 indulgentiam
771 1282 864 1313 spero
888 1282 939 1304 me
962 1272 1216 1313 impetraturum,
1249 1271 1277 1304 si
1301 1282 1365 1312 qua
1388 1271 1421 1303 in
1444 1281 1478 1303 re
1502 1281 1612 1303 verum
1635 1282 1749 1313 parum
1777 1271 1882 1313 attigi,
1922 1282 2019 1312 quum
2047 1272 2107 1305 hoc

192 1325 261 1347 meo
286 1316 405 1357 Indice,
431 1316 527 1348 etiam
551 1317 578 1349 si
602 1327 673 1348 mea
696 1326 771 1358 spes
795 1316 954 1357 fefellerit,
980 1316 1228 1348 controversiam
1252 1316 1396 1357 componi
1414 1325 1519 1356 posse,
1544 1315 1577 1347 id
1594 1320 1679 1348 certe
1695 1320 1882 1348 consecutus
1899 1325 1969 1348 esse
1985 1315 2106 1355 videar,

193 1366 226 1392 nt
252 1371 333 1392 nunc
359 1360 485 1392 demum
509 1371 566 1402 pro
590 1361 834 1394 auctoritatibus
859 1364 890 1392 et
913 1360 1092 1392 nominibus
1116 1364 1202 1392 certo
1226 1359 1321 1392 nixus
1344 1359 1552 1392 fundamento
1569 1370 1625 1392 suo
1642 1360 1777 1401 quisque
1793 1359 1911 1392 iudicio
1928 1359 2028 1401 possit
2052 1361 2107 1392 uti.

283 1404 363 1436 Vale
387 1405 504 1436 lector!

762 1447 862 1474 Iudicio
882 1446 1016 1481 perpende
1034 1451 1069 1480 et,
1089 1447 1111 1474 si
1130 1447 1177 1474 tibi
1197 1454 1259 1474 vera
1277 1446 1408 1480 videntur,

763 1491 836 1519 Dede
854 1499 947 1519 manus
966 1495 1021 1526 aut,
1039 1491 1061 1518 si
1080 1491 1174 1518 falsum
1193 1496 1242 1525 est,
1261 1492 1397 1524 accingere
1416 1495 1516 1518 contra.

1079 1763 1229 1790 «ἑῇ,
