2238 2735
1027 101 1249 132 ,125-

224 200 370 230 Sensus.
412 200 448 228 D.
469 200 516 228 20.
545 201 592 227 21.
622 199 669 228 23.
697 200 743 227 31.
775 199 822 227 32.
862 197 899 225 A.
922 199 948 232 1,
971 198 987 224 7
1009 197 1104 225 verba

164 247 262 276 pauca
284 241 314 267 et
334 247 423 267 sensu
444 237 644 274 permodesto.
684 236 720 265 A.
744 238 771 272 1,
792 237 810 264 4
832 244 855 263 s.
887 243 958 263 suos
983 234 1104 271 penitus

165 277 293 306 abderet
331 277 378 314 (A.
398 278 426 312 6,
447 276 487 312 8).
529 276 563 304 A.
587 277 633 309 11,
660 275 680 302 4
708 283 762 310 per
790 273 904 310 figuras
930 273 1103 301 animalium

165 315 310 352 Aegyptii
331 323 437 344 sensus
457 314 565 343 mentis
586 312 780 348 effingebant.

227 354 402 390 Sequens.
424 353 462 381 D.
484 354 520 382 26
541 359 628 380 nemo
649 351 831 387 sequentinm.
853 350 888 378 A.
910 351 938 386 4,
961 351 997 379 35
1018 358 1103 386 prae-

167 393 244 422 senti
263 391 401 428 potentia
422 391 547 419 credunt
568 389 704 425 extingui
724 397 815 425 posse
836 389 926 417 etiam
949 388 1104 424 sequentis

166 431 234 460 aevi
255 430 436 458 memoriam.
457 429 494 457 A.
515 430 543 464 3,
565 430 600 457 31
623 436 685 463 seq.
706 430 800 456 aetas.
827 427 861 455 A.
884 428 910 461 3,
934 428 970 455 19
992 426 1103 455 secutis

166 469 362 505 temporibus.
384 469 419 496 A.
442 468 488 503 15,
508 468 546 495 54
567 466 702 502 plerique
723 466 761 494 de
782 465 1048 502 consequentibus.

227 507 362 536 Series.
404 507 440 534 D.
463 506 499 534 19
519 505 581 533 alte
602 504 731 540 repetita
752 504 934 532 narrationis
943 504 1043 532 series.
1066 503 1104 531 H.

168 549 195 582 1,
217 547 254 574 16
275 546 365 582 longa
388 544 551 573 Caesarum
573 543 658 571 serie.
688 543 726 571 Η.
744 544 773 579 4,
789 544 828 571 54
843 542 984 571 continua
999 542 1105 570 bellor.

167 584 299 613 civilium
321 583 407 612 serie.

226 622 408 651 Servitus.
450 621 488 649 D.
508 621 547 649 40
566 620 739 648 libertatem
752 635 784 639 —
808 619 872 648 sine
897 619 1034 647 servitute
1054 618 1104 654 (Ρ).

165 661 222 697 Ag.
244 662 279 689 21
302 659 473 688 humanitas
493 675 532 679 —
552 667 623 695 pars
643 658 806 687 servitutis.
846 659 882 686 A.
914 660 941 695 1,
970 659 1007 686 47
1030 657 1105 685 satis

167 701 359 736 prospectum
380 698 516 726 urbanae
537 697 684 726 servituti.
720 697 779 733 Ag.
801 698 838 726 30
858 695 1021 733 (Britanni)
1041 695 1104 724 uni-

165 737 245 766 versi
267 736 422 766 servitutis
441 738 581 772 expertes
603 752 638 755 -
660 735 853 764 servientium
873 735 972 763 litora.
992 735 1051 771 Ag.
1068 736 1104 762 12

166 775 271 804 domiti
297 777 330 803 ut
354 777 491 812 pareant,
520 774 652 802 nondum
673 776 707 802 ut
726 774 868 802 serviant.
914 774 951 802 H.
973 775 1001 810 4,
1033 775 1050 802 8
1072 781 1105 801 se

165 823 255 843 unum
276 822 344 842 esse
364 822 401 842 ex
429 813 481 841 illo
503 815 609 841 senatu
631 813 681 849 qui
711 813 798 841 simul
819 812 965 841 servierit.
1005 812 1063 848 Ag.
1086 813 1104 839 2

164 852 299 882 ultimum
321 852 351 880 in
370 852 513 880 libertate
534 867 572 871 —
592 851 621 879 in
642 851 798 880 servitute.

225 896 370 925 Servus.
412 896 447 924 D.
472 897 507 925 13
535 903 591 923 nec
617 895 836 931 imperantibus
865 903 1006 932 umquam
1028 895 1103 924 satis

165 935 243 964 servi
262 935 413 970 videntur,
435 942 490 962 nec
510 934 598 962 nobis
627 934 701 962 satis
733 934 824 963 liberi.
866 934 905 963 H.
937 936 963 970 1,
995 935 1031 962 16
1053 934 1104 970 qui

163 982 220 1002 nec
239 975 333 1002 totam
355 973 529 1002 servitutem
550 972 614 1008 pati
634 975 761 1008 possunt
791 981 846 1001 nec
866 975 962 1001 totam
983 972 1103 1000 liberta-

163 1014 234 1040 tem.
275 1012 312 1040 Η.
344 1014 370 1047 1,
399 1013 433 1040 16
462 1020 560 1047 neque
589 1010 667 1038 enim
688 1010 735 1039 his
755 1027 793 1031 —-
815 1014 897 1039 certa
919 1010 1104 1039 dominorum

165 1050 271 1079 domus
291 1053 320 1078 et
342 1050 435 1079 ceteri
455 1049 544 1078 servi.
584 1049 621 1078 H.
644 1051 672 1085 4,
699 1051 737 1078 64
757 1049 838 1077 haud
859 1049 949 1078 facile
976 1050 1103 1078 libertas

163 1091 195 1118 et
216 1089 327 1117 domini
347 1089 518 1117 miscentur.
540 1088 576 1116 A.
597 1089 626 1124 4,
647 1090 685 1116 24
706 1088 814 1124 quibus
834 1088 961 1117 libertas
980 1088 1103 1117 servitio

164 1127 273 1164 potior.
295 1127 343 1164 (A.
367 1129 413 1163 13,
434 1128 481 1155 34.
504 1128 548 1155 15.
570 1127 617 1155 61.
641 1127 686 1163 16,
709 1126 767 1163 11.)
788 1127 846 1163 Ag.
869 1128 908 1155 24
927 1136 1011 1155 arma
1033 1135 1102 1163 opp.

162 1165 300 1196 libertas,
322 1166 358 1196 A.
381 1167 409 1202 3,
431 1167 469 1194 44
489 1165 655 1194 victoribus
676 1174 759 1194 arma
780 1181 817 1185 -—
843 1166 973 1194 servitus
995 1166 1102 1194 iterum

163 1204 262 1233 victis.

221 1248 452 1282 Sestertium.
493 1248 531 1277 D.
553 1250 570 1277 9
597 1248 817 1285 quinquaginta
843 1249 976 1277 sestertia
1004 1248 1102 1277 Basso

164 1287 314 1315 donasset.
336 1287 372 1315 A.
396 1288 442 1323 16,
462 1288 499 1316 33
520 1287 747 1315 accusatoribus
764 1287 856 1324 Eprio
878 1290 908 1316 et
923 1287 1103 1316 Cossutiano

163 1325 384 1363 quinquagiens
405 1326 575 1354 sestertium
597 1325 723 1362 singulis
734 1342 771 1345 —
782 1326 912 1362 insignia
923 1326 1101 1355 tribuuntur.

223 1370 430 1399 severitas.
471 1371 506 1399 D.
530 1371 568 1399 28
589 1371 741 1398 severitate
762 1380 798 1399 ac
819 1371 983 1407 disciplina.
1008 1370 1043 1400 G.
1054 1372 1101 1400 25.

164 1409 192 1438 d.
215 1412 244 1437 et
266 1418 281 1438 s
313 1409 350 1438 D.
368 1411 405 1438 29
417 1409 571 1437 severitate
587 1409 764 1446 disciplinae.
786 1410 824 1438 H.
837 1412 863 1445 1,
883 1412 918 1438 51
937 1419 960 1441 sv
974 1409 1002 1438 d.
1024 1410 1062 1438 H.
1076 1412 1102 1445 1,

164 1449 199 1477 37
220 1447 413 1476 severitatem
432 1464 455 1467 -
470 1447 682 1484 parsimoniam
694 1464 729 1466 —
741 1448 939 1485 disciplinam.
960 1449 997 1476 A.
1022 1450 1067 1484 13,
1084 1450 1102 1476 2

163 1494 225 1515 sev.
255 1495 379 1514 morum.
421 1487 457 1514 D.
479 1488 517 1515 40
538 1486 722 1514 severissima
742 1487 908 1524 disciplina.
956 1487 991 1515 A.
1015 1489 1043 1523 6,
1066 1488 1101 1516 15

166 1533 273 1553 severa
293 1525 389 1561 patris
411 1525 439 1553 d.
481 1525 518 1554 H.
554 1526 579 1560 1,
600 1526 639 1553 80
660 1525 868 1554 severissimos
886 1526 1102 1554 centurionum.

221 1569 268 1598 Si.
310 1570 345 1598 D.
379 1571 414 1598 16
445 1570 471 1597 si
501 1569 540 1598 ad
570 1569 773 1598 infirmitatem
801 1579 958 1607 corporum
980 1570 1102 1599 referas.

161 1608 197 1637 A.
221 1611 267 1645 11,
290 1610 327 1637 24
349 1608 374 1637 si
396 1611 505 1637 cuncta
527 1609 607 1637 bella
628 1617 795 1637 recenseas.
836 1610 872 1638 A.
896 1611 923 1646 3,
955 1611 991 1638 54
1012 1618 1102 1646 quam

162 1647 188 1676 si
210 1650 310 1676 cetera
330 1646 485 1683 respicias,
506 1647 535 1675 in
557 1647 616 1676 levi
637 1646 816 1675 habendum.
838 1648 876 1676 D.
898 1650 915 1676 9
937 1648 1013 1676 εἱ-
1029 1648 1103 1675 si—

162 1686 189 1713 si
208 1685 338 1722 denique.
367 1686 399 1715 P.
422 1686 436 1714 I
456 1695 485 1722 p.
508 1687 554 1715 31.
578 1686 614 1714 D.
637 1687 654 1714 5
675 1687 729 1714 sin.
752 1686 787 1715 G.
812 1688 857 1716 10.
901 1687 938 1716 A.
969 1688 997 1724 2,
1019 1688 1056 1715 63
1077 1686 1102 1715 Si

161 1741 199 1745 —-
221 1725 276 1753 sin.
298 1724 336 1752 D.
360 1726 393 1753 17
415 1725 441 1752 si
460 1725 658 1761 pertraxisset
678 1741 716 1744 —
738 1725 843 1753 audire
869 1725 973 1762 potuit.
1015 1726 1052 1753 H.
1074 1727 1102 1762 4,

162 1764 199 1792 34
221 1763 246 1792 si
268 1765 459 1798 maturasset,
483 1764 647 1792 solvere—
670 1764 776 1800 potuit.
798 1764 830 1791 P.
854 1764 867 1792 1
888 1773 919 1800 p.
941 1766 988 1793 42.
1009 1765 1046 1793 D.
1064 1766 1099 1792 21

162 1801 188 1830 si
208 1810 267 1830 non
289 1817 325 1820 —
346 1804 378 1829 at
399 1801 543 1838 (Acidal,
565 1801 629 1830 sive
650 1819 685 1822 —-
709 1803 773 1831 sive
794 1802 918 1839 Haase).
961 1803 996 1832 G.
1019 1804 1056 1832 33
1078 1803 1101 1831 si

162 1849 221 1869 non
241 1856 279 1860 ——
300 1842 331 1868 at
354 1842 443 1870 certe.
466 1840 543 1875 Sive,
564 1840 634 1869 vide
662 1841 719 1869 Vel.

221 1883 293 1913 Sic.
335 1884 371 1912 D.
395 1885 431 1912 12
451 1885 492 1912 sic
509 1885 630 1913 oracula
641 1886 759 1922 loqueb.
782 1887 816 1914 A.
840 1888 867 1923 5,
890 1887 907 1915 6
925 1886 968 1915 sic
982 1889 1103 1916 veteres

162 1925 312 1952 auctores.
333 1923 368 1951 A.
391 1925 436 1959 14,
457 1925 495 1953 29
517 1923 560 1952 sic
580 1923 684 1960 pedes.
696 1940 732 1943 —-
745 1925 782 1955 D.
795 1926 831 1954 35
851 1925 894 1953 sic
904 1926 944 1963 fit
965 1930 1003 1954 ut.
1025 1926 1058 1954 H,
1075 1929 1102 1963 1,

161 1961 306 1990 84.—D.
329 1962 363 1989 41
388 1961 436 1989 Sic
457 1972 579 1999 quoque.
599 1962 636 1993 A.
659 1964 687 1999 4,
708 1964 754 1992 40.
778 1965 823 2001 15,
843 1966 886 1993 17.
910 1964 948 1992 D.
969 1966 1006 1993 32
1028 1967 1103 1993 tam-

161 2009 251 2037 quam
275 2015 312 2020 —
335 2000 383 2027 sic.
404 2000 441 2028 D.
463 2002 501 2030 28
522 2001 563 2028 sic
582 2017 617 2021 ——
640 2001 686 2029 sic.
709 2002 744 2032 P.
767 2003 781 2031 I
802 2012 831 2039 p.
853 2003 994 2031 3o.—D.
1015 2005 1054 2032 40
1074 2009 1104 2031 ul

163 2039 204 2066 sic
221 2039 355 2068 dimerim.
380 2040 417 2068 34
439 2044 524 2076 utque
544 2050 567 2067 s.
589 2041 615 2067 d.
639 2039 674 2069 G.
695 2042 724 2069 2.
745 2042 782 2069 A.
805 2043 851 2078 14,
874 2043 909 2071 53
929 2044 1021 2078 utque
1037 2051 1060 2071 s.
1074 2042 1103 2071 d.

160 2077 218 2114 Ag.
239 2080 258 2107 3
279 2080 312 2106 ut
327 2078 369 2106 ita
392 2077 435 2114 (et
456 2078 499 2106 uti
516 2078 593 2106 Wex
614 2077 660 2115 Δ)
681 2079 710 2108 (1.

221 2122 341 2152 Sicut.
383 2123 419 2151 D.
441 2124 476 2151 21
501 2123 597 2151 oratio
614 2140 644 2144 —
665 2124 738 2152 sicut
758 2133 867 2162 corpus
888 2127 935 2155 40.
959 2128 1060 2154 orator
1079 2136 1102 2153 s.

160 2161 350 2204 T-medicus
360 2162 398 2190 22
419 2163 464 2190 36.
477 2162 523 2191 38.
535 2163 581 2190 40.
602 2162 640 2191 D.
663 2164 680 2191 6
701 2163 731 2191 in
752 2163 873 2200 ingenio
896 2172 1015 2200 quoque
1031 2165 1103 2192 sicut

160 2207 190 2243 in
212 2199 359 2243 3810711.
382 2202 428 2236 11,
449 2202 467 2229 8
488 2202 520 2229 ut
541 2217 574 2221 -
599 2200 740 2237 quoque).
767 2202 805 2230 D.
827 2204 866 2231 30
885 2211 983 2240 neque
1004 2205 1102 2231 orato-

160 2246 201 2266 ris
222 2255 259 2259 —
280 2244 353 2266 su’ut
373 2241 541 2267 ceteraram
564 2247 661 2267 rerum
679 2254 714 2259 --
738 2240 798 2268 sed.
821 2241 857 2269 G.
878 2243 914 2270 17
936 2244 1022 2270 veste
1042 2250 1103 2270 non

159 2275 305 2313 fluitante,
326 2277 405 2306 sicut
426 2277 582 2306 Sarmatae
603 2287 640 2306 ac
660 2278 775 2315 Parthi,
797 2280 850 2308 sed
873 2280 978 2309 stricta
998 2282 1028 2309 et
1043 2281 1101 2309 sin—

159 2315 248 2351 gulos
267 2317 351 2344 artus
381 2316 577 2353 exprimente.
599 2332 636 2336 —
657 2317 696 2345 D.
723 2318 749 2346 6.
773 2320 818 2346 11.
839 2320 876 2347 37
898 2319 971 2347 sicut
990 2335 1029 2338 —
1051 2319 1100 2347 z'ta.

158 2354 216 2390 Ag.
237 2355 264 2382 2.
294 2354 330 2382 Η.
354 2356 380 2390 1,
401 2356 447 2384 52.
471 2357 499 2392 3,
520 2357 557 2384 57
579 2355 657 2383 sicut
677 2372 714 2376 -
735 2356 787 2385 ita.
826 2357 884 2393 Ag.
905 2358 941 2386 31
963 2366 1000 2386 ac
1022 2358 1102 2386 sicut

158 2392 190 2420 in
210 2391 324 2421 familia
344 2409 382 2413 —-
403 2394 490 2424 sicut.
524 2394 562 2422 H.
592 2396 618 2430 1,
640 2395 675 2423 81
699 2394 776 2424 sieut
797 2411 834 2415 —
856 2396 944 2425 sicut.
985 2399 1042 2433 Ag.
1064 2398 1102 2425 44

159 2430 250 2461 sicuti
266 2446 307 2450 —
327 2430 380 2459 sic.
403 2431 439 2461 G.
461 2434 499 2462 38
521 2432 565 2461 sic
586 2448 621 2452 —
644 2433 697 2462 sie.

218 2473 474 2512 significatio.
515 2478 542 2506 D
579 2478 616 2506 16
644 2477 850 2516 siqnificatione
880 2479 1098 2508 determinetis.

157 2513 193 2542 A.
217 2516 245 2549 1,
275 2515 312 2544 81
344 2516 378 2542 ut
406 2515 457 2551 qui
485 2515 585 2545 forent
609 2516 837 2554 intelligeretur,
870 2526 907 2546 ea
935 2526 1056 2554 quoque
1077 2527 1099 2546 s.

159 2552 325 2582 subtracta.
364 2552 403 2581 Η.
425 2555 451 2590 1,
473 2554 509 2582 27
532 2563 610 2591 quae
631 2564 655 2584 s.
676 2555 891 2585 coniurationis
907 2559 1099 2585 convenerat.

1218 195 1417 233 significo.
1459 196 1497 224 D.
1518 196 1555 224 33
1586 195 1616 222 hi
1646 194 1808 239 siqnisz'care
1839 194 1923 222 vultu
1951 194 2099 225 videntur.

1158 235 1195 262 A.
1219 236 1264 271 13,
1285 236 1322 264 23
1343 237 1417 262 nutu
1438 236 1490 262 aut
1511 242 1601 262 manu
1622 233 1819 269 significasse.

1218 272 1368 301 Similis.
1409 273 1446 302 D.
1476 275 1511 301 14
1531 274 1686 308 poetarum
1699 280 1788 308 quam
1806 273 1956 300 oratorum
1975 272 2096 301 similior

1159 311 1264 339 oratio.
1286 311 1322 339 H.
1346 313 1373 347 3,
1396 313 1432 340 76
1454 311 1583 339 lascivia
1605 310 1804 346 socordiaque
1824 309 2025 345 gladiatorum
2039 320 2099 339 ma-

1159 349 1206 385 gis
1228 358 1318 385 quam
1341 349 1447 377 ducum
1473 349 1598 377 similes.
1619 349 1657 377 H.
1670 350 1743 385 1,38
1764 348 1809 377 sui
1824 348 2004 377 simillimum
2026 349 2098 385 (Da-

1158 388 1210 416 tiv.
1233 388 1268 416 A.
1293 390 1338 423 13,
1361 389 1407 416 16.
1432 390 1477 424 11,
1497 389 1556 423 36).

1219 426 1460 463 Simpliciter.
1503 427 1540 454 D.
1561 427 1599 454 25
1620 436 1642 454 ε.
1665 427 1695 454 et
1716 425 1842 461 ingenue
1854 425 1995 454 iudicium
2008 425 2100 454 animi

1161 463 1322 493 detexisse.
1344 465 1381 492 D.
1403 466 1439 493 21
1462 464 1581 493 fatebor
1600 475 1623 492 s.
1645 465 1682 493 H.
1705 466 1731 500 3,
1753 465 1790 493 53
1805 472 1915 500 graves
1931 464 2100 493 simultates

1159 503 1594 539 —simplicius—nutriebat.
1617 503 1653 531 H.
1677 505 1702 539 1,
1726 504 1760 531 15
1783 502 2004 539 simplicissime
2022 503 2100 531 inter

1160 550 1215 570 nos
1236 541 1325 569 hodie
1346 541 1504 578 loquimur.

1218 580 1339 608 Simul.
1380 580 1418 608 D.
1438 582 1456 608 5
1476 579 1658 616 praesidium
1679 589 1700 609 ε.
1724 589 1759 607 ac
1779 579 1879 608 telum.
1900 579 1958 615 Ag.
1980 580 2027 616 25,
2053 581 2099 609 35.

1159 618 1197 646 H.
1219 620 1246 655 1,
1268 620 1312 647 75.
1336 618 1385 655 (G.
1408 620 1447 648 30
1467 627 1488 647 s.
1511 621 1612 654 atque.
1653 618 1709 654 Ag.
1731 619 1768 646 42
1796 627 1819 646 s.
1841 635 1878 638 —
1900 617 1981 654 que.)
2022 619 2059 646 D.
2082 621 2098 647 5

1159 666 1267 694 parere
1287 668 1310 685 s.
1332 662 1359 685 et
1378 657 1463 685 tueri.
1504 657 1560 693 Ag.
1583 658 1609 685 6.
1633 658 1657 684 7.
1681 658 1716 685 G.
1740 657 1786 686 12.
1826 656 1861 685 Α.
1883 659 1910 693 1,
1932 657 1979 693 62,
2001 658 2029 691 3,
2050 658 2096 686 54.

1160 696 1211 732 (H.
1234 698 1259 731 1,
1281 697 1319 725 89
1340 704 1364 724 s.
1384 711 1423 715 —
1444 694 1496 731 et.)

1218 734 1411 763 Sincerus.
1462 735 1496 762 D.
1526 735 1563 763 28
1595 734 1709 762 sincera
1740 736 1769 761 et
1800 733 1918 770 integra
1949 736 1979 762 et
2008 733 2099 762 nullis

1159 773 1362 809 pravitatibus
1384 773 1503 801 detorta
1523 775 1640 801 natura.
1668 772 1704 800 H.
1726 773 1753 800 4.
1776 773 1812 801 64
1835 781 1857 800 s.
1880 774 1910 800 et
1930 772 2048 809 integer
2069 775 2099 801 et

1161 812 1315 840 servitutis
1336 811 1448 840 oblitus
1469 812 1605 848 populus.
1648 810 1683 840 G.
1703 812 1722 839 4
1742 810 1895 847 propriam
1923 812 1953 839 et
1974 812 2046 839 sinc.
2070 813 2100 839 et

1159 852 1277 879 tantum
1299 851 1344 879 sui
1364 850 1490 879 similem
1511 852 1640 886 gentem.

1220 889 1313 918 Sine.
1355 889 1391 918 D.
1415 891 1432 918 6
1453 890 1490 917 25
1511 899 1569 917 non
1589 899 1612 916 s.
1654 889 1711 925 Ag.
1744 889 1782 916 43
1807 896 1867 916 non
1894 895 1908 915 s
1939 896 2010 915 cura
2032 887 2097 916 fuit.

1160 928 1196 956 H.
1220 930 1246 963 3,
1268 929 1314 956 44.
1337 929 1381 956 63.
1414 928 1450 956 A.
1471 928 1500 963 4,
1524 930 1549 956 1.
1573 929 1618 963 13,
1639 928 1685 956 27.
1710 928 1755 963 14,
1776 928 1823 956 25.
1848 928 1893 963 15,
1914 927 1959 954 24.
2000 926 2038 956 D.
2061 928 2098 955 37

1160 976 1211 995 nec
1231 967 1299 994 sine.
1321 967 1357 995 H.
1379 968 1408 1001 4,
1429 968 1465 995 78
1487 974 1542 994 nec
1564 966 1628 994 sine
1649 974 1705 1002 ope
1722 965 1824 994 divina
1836 964 1959 993 mutatis
1975 968 2098 1001 repente

1160 1005 1276 1034 animis.
1315 1006 1352 1033 H.
1376 1007 1404 1040 3,
1426 1006 1472 1034 53.
1494 1021 1532 1024 —
1552 1005 1589 1033 D.
1611 1006 1649 1033 40
1669 1004 1738 1032 tulit
1758 1004 1818 1032 sine
1839 1003 1930 1032 dubio
1952 1003 2096 1032 valentio-

1160 1052 1223 1072 rem
1244 1044 1456 1081 eloquentiam,
1478 1044 1531 1072 sed
1548 1054 1647 1080 neque.
1688 1043 1723 1071 A.
1745 1044 1773 1079 2,
1794 1044 1831 1071 51
1852 1043 1935 1070 victa
1957 1044 2003 1070 est
2024 1051 2046 1070 s.
2070 1042 2097 1070 d.

1158 1083 1217 1119 lex,
1241 1082 1295 1111 sed
1315 1091 1422 1119 neque.
1462 1082 1498 1110 A.
1531 1085 1576 1118 11,
1599 1083 1636 1110 28
1666 1081 1788 1110 subibat
1820 1090 1843 1110 s.
1877 1081 1905 1110 d.
1935 1083 2032 1109 metus
2062 1098 2098 1102 —

1157 1130 1260 1150 rursus
1276 1137 1324 1158 —,
1346 1121 1407 1149 sed.
1429 1122 1466 1151 A.
1491 1123 1516 1157 1,
1541 1123 1576 1149 10
1595 1129 1701 1157 pacem
1723 1129 1746 1148 s.
1770 1120 1797 1148 d.
1818 1119 1974 1157 posthaec,
1995 1128 2098 1148 verum

1159 1163 1322 1189 cruentam.
1354 1161 1390 1189 A.
1413 1162 1439 1196 1,
1461 1162 1478 1189 6
1500 1160 1594 1188 multa
1615 1168 1637 1188 s.
1661 1159 1687 1187 d.
1710 1167 1863 1196 saevaque
1884 1174 1931 1195 —,
1954 1161 2098 1187 ceterum.

1158 1199 1216 1235 Ag.
1247 1201 1283 1228 45
1315 1199 1414 1227 onmia
1435 1208 1458 1227 s.
1481 1198 1509 1227 d.
1537 1214 1585 1235 -,
1612 1197 1805 1234 paucioribus
1836 1200 1937 1226 tamen
1967 1197 2100 1225 lacrimis

1159 1238 1362 1274 comploratus
1383 1247 1423 1266 es.

1219 1276 1336 1306 Sinus.
1377 1277 1415 1307 D.
1435 1278 1472 1305 28
1494 1276 1522 1304 111
1542 1276 1656 1313 gremio
1677 1284 1713 1304 ac
1734 1276 1799 1303 sina
1819 1275 1930 1303 matris.
1951 1275 2007 1311 Ag.
2030 1276 2048 1303 4
2069 1274 2099 1302 111

1157 1315 1245 1344 huius
1267 1315 1397 1352 (matris)
1420 1324 1443 1344 s.
1466 1314 1722 1351 indulgentiaque.
1763 1316 1798 1343 A.
1830 1316 1856 1349 1,
1883 1315 1922 1342 40
1940 1313 2098 1350 parvulum

1159 1362 1183 1382 s.
1198 1353 1291 1382 filium
1312 1362 1430 1390 gerens.
1452 1355 1487 1382 A.
1511 1356 1537 1390 6,
1558 1356 1595 1382 45
1618 1353 1647 1381 in
1669 1362 1690 1382 s.
1713 1353 1763 1381 avi
1783 1352 1967 1389 perdiderat.

1218 1393 1403 1421 Societas.
1425 1393 1462 1420 D.
1484 1394 1502 1421 5
1523 1393 1657 1420 societate
1678 1391 1808 1428 plurium
1837 1391 1967 1419 defendi.
2007 1391 2045 1419 Π.
2067 1392 2096 1427 2,

1158 1433 1196 1460 52
1217 1431 1295 1460 inter
1315 1432 1424 1460 multos
1446 1441 1470 1460 s.
1491 1432 1598 1468 culpae
1619 1430 1720 1459 tutior.
1760 1430 1798 1458 H.
1827 1432 1855 1467 4,
1877 1432 1913 1458 41
1937 1439 1959 1458 s.
1991 1430 2098 1466 culpae

1158 1470 1303 1498 invidiam
1326 1470 1499 1498 declinavit.
1521 1473 1555 1498 Α.
1579 1471 1624 1505 14,
1645 1471 1682 1498 57
1705 1469 1854 1505 gratiores
1885 1469 1908 1497 si
1931 1468 2098 1505 principem

1158 1518 1180 1537 s.
1205 1509 1350 1537 scelerum
1371 1509 1583 1545 obstringeret.
1624 1511 1657 1537 A.
1691 1510 1735 1545 13,
1768 1510 1782 1537 1
1805 1516 1904 1536 rarum
1933 1508 1962 1535 in
1994 1516 2016 1535 s.
2043 1515 2094 1543 po-

1158 1548 1281 1584 tentiae,
1303 1548 1477 1576 concordes.

1218 1586 1385 1615 solidus.
1426 1587 1463 1615 D.
1487 1588 1503 1615 9
1525 1586 1649 1614 solidam
1669 1585 1793 1622 frugem.
1834 1585 1871 1614 H.
1893 1586 1922 1622 2,
1945 1587 1960 1613 7
1984 1594 2006 1613 s.
2029 1583 2096 1612 fide.

1158 1628 1192 1654 A.
1216 1627 1261 1662 11,
1283 1627 1321 1654 24
1343 1634 1365 1653 s.
1388 1624 1467 1653 domi
1489 1625 1584 1661 quies.

1218 1664 1360 1693 Solitud
1369 1672 1394 1691 0.
1436 1664 1500 1692 D.9
1521 1663 1550 1691 iu
1569 1663 1748 1691 solitudinem
1769 1662 1878 1699 reced.,
1890 1671 1958 1699 opp.
1981 1664 2015 1690 11
2029 1663 2095 1697 fre-

1160 1703 1284 1740 quentia.
1307 1704 1343 1731 39
1365 1702 1447 1730 velut
1468 1702 1497 1730 in
1518 1702 1670 1730 solitudine
1691 1702 1800 1738 agitur.
1828 1704 1862 1730 A.
1886 1703 1931 1737 15,
1953 1702 1991 1730 50
2012 1709 2096 1729 occa-

1159 1741 1202 1770 sio
1225 1741 1395 1770 solitudinis
1416 1757 1452 1761 —
1474 1741 1652 1777 frequentia.
1693 1743 1727 1769 A.
1757 1742 1785 1777 4,
1817 1742 1853 1768 41
1876 1739 2097 1768 multitudinem

1158 1780 1352 1809 adfluentium
1373 1795 1412 1799 —
1433 1780 1578 1808 extollere
1598 1779 1738 1808 laudibus
1759 1779 1890 1815 quietem
1912 1782 1942 1806 et
1963 1777 2098 1807 solitudi-

1160 1828 1237 1847 nem.
1278 1822 1334 1855 Ag.
1356 1820 1393 1848 30
1414 1821 1506 1856 atque
1536 1818 1587 1846 ubi
1618 1818 1808 1847 solitudinem
1837 1817 1961 1854 faciunt,
1992 1826 2097 1854 pacem

1158 1858 1323 1894 appellant.
1344 1860 1377 1886 A.
1400 1859 1427 1894 6,
1451 1860 1464 1886 1
1488 1866 1510 1886 s.
1532 1857 1633 1885 maris.

1218 1896 1461 1925 Sollicitudo.
1502 1896 1539 1925 D.
1563 1897 1599 1924 13
1620 1895 1866 1934 sollicitudinibus.
1893 1897 1926 1924 A.
1949 1896 1976 1931 4,
1998 1896 2035 1923 60
2057 1894 2098 1922 di-

1160 1943 1266 1964 versae
1288 1935 1524 1964 sollicitudinum
1547 1934 1669 1962 formae.

1219 1974 1380 2003 Solutus.
1421 1975 1458 2002 D.
1481 1975 1517 2003 18
1539 1974 1591 2001 sol.
1621 1976 1650 2002 et
1670 1982 1808 2002 enervem
1837 1972 2021 2010 (oratorem).
2062 1974 2096 2000 A.

1160 2015 1186 2049 1,
1208 2014 1246 2042 50
1266 2012 1410 2049 languida
1432 2016 1463 2041 et
1482 2022 1505 2041 s.
1528 2011 1623 2048 (pax).

1218 2051 1348 2080 Sonus.
1389 2052 1426 2080 D.
1451 2053 1487 2080 10
1507 2051 1620 2079 heroici
1643 2050 1782 2079 carminis
1804 2061 1913 2078 sonum.
1955 2052 1989 2079 A.
2011 2051 2038 2086 2,
2059 2050 2095 2077 61

1158 2090 1324 2119 Memnonis
1345 2099 1438 2118 saxea
1459 2089 1572 2126 effigies
1593 2091 1728 2118 vocalem
1751 2098 1854 2118 sonum
1878 2088 2018 2118 reddens.
2040 2090 2096 2123 Ag.

1158 2131 1195 2158 34
1225 2129 1354 2166 agminis
1386 2138 1459 2157 sono
1481 2130 1527 2166 (A.
1557 2129 1585 2164 4,
1606 2130 1643 2157 48
1665 2136 1801 2157 sonorem
1822 2127 1950 2165 proelii).
1993 2127 2027 2156 G.
2048 2127 2096 2155 45.

1158 2168 1195 2196 H.
1216 2170 1244 2203 5,
1268 2169 1312 2196 17.
1335 2171 1369 2196 A.
1391 2170 1416 2203 1,
1438 2169 1484 2197 28.

1217 2206 1365 2235 Sordes.
1407 2207 1444 2234 D.
1468 2208 1502 2235 12
1524 2208 1601 2236 inter
1621 2219 1644 2236 s.
1666 2216 1702 2236 ac
1723 2205 1863 2234 lacrimas
1894 2212 2018 2233 reorum.
2060 2206 2094 2232 A.

1157 2247 1186 2282 4,
1217 2247 1254 2274 52
1282 2245 1435 2281 suscipere
1457 2254 1479 2274 S.
1522 2250 1554 2275 A.
1578 2248 1624 2284 12,
1646 2248 1683 2275 59
1704 2245 1845 2281 indignas
1876 2253 1897 2272 s.
1924 2250 2095 2280 perpessus.

1157 2287 1192 2313 A.
1214 2286 1241 2319 6,
1263 2285 1281 2313 8
1301 2286 1382 2312 metu
1403 2292 1439 2312 ac
1460 2285 1600 2314 sordibus
1622 2284 1882 2314 conflictabantur.

1216 2322 1386 2352 Sordide.
1427 2323 1464 2351 D.
1486 2326 1504 2353 8
1525 2325 1671 2352 sordidius
1691 2328 1717 2352 et
1737 2322 1873 2351 abiectius
1893 2320 1965 2348 nati.
1987 2320 2022 2348 A.
2047 2320 2093 2355 13,

1157 2362 1194 2390 46
1215 2361 1290 2389 nihil
1310 2361 1368 2389 nisi
1390 2361 1542 2391 abiectum
1564 2366 1594 2391 et
1615 2362 1775 2391 sordidum.

1216 2399 1406 2429 Sordidus.
1448 2401 1484 2430 D.
1506 2403 1543 2430 32
1574 2399 1773 2438 (eloquentia)
1803 2399 1873 2427 olim
1898 2397 2028 2426 omnium
2049 2407 2095 2424 ar-

1157 2439 1226 2467 tium
1253 2439 1370 2467 domina
1390 2456 1427 2460 —
1449 2441 1535 2475 quasi
1557 2449 1616 2468 una
1649 2449 1686 2468 ex
1717 2437 1924 2466 sordidissimis
1951 2435 2096 2464 artificiis.

1156 2480 1191 2506 A.
1214 2479 1260 2515 11,
1282 2479 1299 2507 6
1321 2477 1518 2514 (eloquentia)
1540 2479 1684 2507 bonarum
1713 2477 1821 2506 artium
1847 2475 2013 2513 principem
2035 2482 2095 2503 sor-

1158 2515 1237 2545 didis
1258 2517 1432 2545 ministeriis
1450 2516 1574 2546 foedari.
1615 2518 1652 2546 H.
1677 2519 1703 2551 1,
1724 2517 1761 2545 66
1783 2516 1809 2544 is
1830 2515 1881 2543 diu
1909 2523 1943 2550 s.,
1973 2514 2096 2550 repente

1157 2554 1252 2584 dives.
1273 2555 1310 2583 H.
1335 2557 1360 2592 1,
1381 2557 1401 2583 4
1421 2555 1507 2591 plebs
1528 2565 1550 2584 s.
1574 2557 1608 2583 H.
1631 2558 1659 2592 3,
1681 2556 1719 2583 74
1740 2563 1763 2583 s.
1784 2563 1856 2590 pars
1877 2552 1983 2590 plebis.
