2238 2735
193 169 346 197 Vacuus.
388 170 424 197 D.
447 170 462 196 7
484 168 564 205 apud
587 178 691 197 vacuos
712 177 780 206 opp.
802 170 986 206 negotiosos.
1009 171 1066 207 Ag.

134 208 169 236 37
192 207 374 243 paucitatem
396 210 564 235 nostrorum
586 207 673 236 vacui
693 208 884 243 spernebant.
912 209 948 237 H.
974 212 997 245 1,
1020 211 1066 238 80.

190 246 340 273 Valens.
382 246 418 274 D.
440 247 487 281 25,
507 247 546 273 40
559 247 742 273 valentiorem
756 247 957 283 eloquentiam
979 247 1026 284 (Α.
1038 249 1066 283 4,

133 285 167 313 21
191 284 295 311 orandi
327 283 465 314 validus).
508 284 544 311 H.
577 286 601 316 l,

132 322 309 358 agebantur.
333 322 366 350 G.
388 324 433 350 40.
456 323 501 350 43.

191 361 366 388 Υ110001·0.
408 361 444 388 D.
469 362 505 388 10
526 363 646 397 paterer
667 362 797 390 lacertos
819 362 900 389 iactu
922 361 997 390 disci
1016 372 1064 390 va-

132 409 254 427 nescerv.
296 399 331 428 A.
412 400 451 427 ⁴0
476 408 514 426 an
537 399 655 428 inanem
689 399 898 428 credulitatem
928 402 1062 436 tempore

132 438 196 474 ipso
218 447 245 465 V.
268 438 386 465 sineret.
419 437 455 465 A.
476 439 504 472 4,
525 440 561 467 37
583 442 727 467 vanescet
746 438 874 475 Augusti
906 438 1010 474 honor,
1040 439 1065 467 si

131 476 286 512 promiscis
308 475 529 504 adulationibus
551 478 700 513 inligatur.

193 514 316 542 Vario.
356 514 392 542 D.
415 516 451 542 22
475 515 567 543 variet
586 515 840 552 compositionem.
863 515 898 543 G.
916 516 950 543 17
963 514 1064 551 (amic-

132 552 190 582 tus)
212 561 341 588 purpura
364 552 491 581 variant.

171 591 323 618 Vari-eta
336 600 358 619 0.
400 591 435 619 D.
466 593 503 619 26
536 592 673 620 rariemte
704 591 888 620 eruditionis.
932 591 967 620 G.
998 593 1016 620 6
1036 601 1064 620 V.

355 400 372 417 ·)

355 420 382 433 ’Ἴ

131 638 282 666 gyrorum.
305 631 340 657 A.
362 631 390 665 2,
412 631 448 658 37
471 638 497 657 V.
519 632 695 666 temporum.
717 647 754 651 —
776 632 812 659 D.
839 632 876 659 30
900 631 1066 658 varietatem

131 667 248 696 artium.
270 668 304 695 A.
326 669 354 703 3,
375 670 411 697 25
433 668 652 697 multitudinem
673 668 819 697 infinitam
847 677 883 697 ac
905 677 932 695 v.
955 669 1064 704 legum.

131 706 166 734 A.
188 707 216 741 4,
236 708 282 734 33.

192 744 315 772 Vates.
358 745 394 773 D.
416 746 433 773 9
457 751 557 774 ratem.
598 746 633 774 A.
664 748 690 778 6,
718 747 755 774 48
785 745 863 774 Vatis
895 745 924 773 in
945 745 1065 773 modum

132 782 283 810 dictitans.
324 784 359 811 A.
382 785 409 817 6,
432 785 466 812 12
488 784 580 820 recipi
602 784 678 812 inter
696 784 872 812 eiiisdem¹v.
895 783 1063 820 (Sibullae).

132 821 168 849 D.
192 822 226 849 12
248 822 345 857 poetis
366 825 395 850 et
419 822 537 850 vatibus.
578 823 614 850 A.
649 824 692 859 14,
726 825 761 851 14
791 826 893 851 vatum
925 822 1066 851 laudibus

132 859 258 887 celebre.
279 860 313 887 A.
333 862 360 896 4,
381 861 426 888 43.

192 898 266 925 Vel.
308 898 344 926 D.
367 900 385 927 5
410 900 454 926 1·οῐ
472 898 500 926 in
522 898 878 928 iudicio—sii·e-—siz·e.
920 899 957 928 A.
982 900 1027 934 14,
1048 900 1065 927 7

132 936 194 964 sive
216 952 253 956 —
273 937 322 964 vel
336 952 367 956 -
381 937 454 966 sive.
476 937 512 965 A.
537 940 562 972 1,
585 940 621 966 79
643 946 742 966 000-
764 947 817 967 0011
834 938 956 966 -sive.
979 938 1015 966 H.
1037 939 1065 972 5,

131 976 147 1002 7
170 974 234 1003 sive
255 991 292 994 —
313 978 364 1003 aut
385 992 422 995 —
443 984 504 1003 seu.
557 977 592 1004 A.
616 978 660 1012 14,
682 978 719 1005 59
741 977 805 1005 sive
825 993 864 997 —
884 985 938 1005 seu
959 992 996 996 —
1017 985 1065 1004 an.

132 1013 167 1041 G.
192 1014 226 1041 16
248 1013 310 1041 sive
336 1031 365 1033 —
390 1013 462 1041 sive.
486 1014 521 1042 G.
544 1016 581 1043 34
602 1015 665 1043 sive
686 1031 723 1035 —
745 1024 806 1044 0011.
847 1016 883 1043 A.
910 1017 936 1050 1,
967 1016 1014 1043 36.
1036 1016 1064 1051 4,

131 1053 168 1079 56
190 1060 242 1080 seu
267 1068 297 1071 —
321 1052 394 1080 sive.
416 1052 452 1081 A.
476 1054 521 1087 14,
543 1056 560 1081 2
582 1062 634 1081 000
655 1069 692 1074 -
715 1062 776 1082 0011.
816 1054 852 1082 D.
874 1055 911 1082 28
940 1062 995 1081 000
1016 1058 1065 1081 aut

131 1089 185 1118 tibi
207 1095 257 1118 aut
281 1105 312 1110 --
338 1092 389 1118 vel.
411 1091 448 1118 H.
469 1092 497 1127 2,
519 1093 564 1119 76.
586 1093 622 1120 A.
646 1094 690 1128 14,
712 1093 729 1120 3
750 1094 803 1120 aut
825 1108 860 1112 —
882 1092 938 1120 Vel.

190 1128 309 1157 Velut.
351 1129 388 1157 D.
411 1131 447 1157 39
469 1138 516 1157 res
538 1140 565 1158 1¹.
587 1131 617 1158 in
639 1130 798 1159 solitudine
828 1131 937 1167 agitur.
981 1131 1016 1158 19
1040 1139 1063 1157 ι’.

130 1166 287 1195 terminum
316 1167 506 1204 antiquitatis
546 1169 603 1205 Ag.
631 1171 668 1198 10
700 1178 781 1197 mare
806 1169 885 1205 iugis
911 1169 1000 1197 etiam
1029 1177 1064 1195 ac

130 1205 281 1233 montibus
302 1205 394 1234 inseri
415 1215 442 1234 V.
464 1206 494 1234 10
514 1215 577 1235 suo.
609 1207 644 1236 G.
665 1208 701 1236 31
723 1208 843 1236 anulum
864 1216 892 1235 V.
913 1207 1064 1236 Vinculum

130 1246 240 1280 gestat.
268 1244 304 1272 A.
326 1246 353 1280 3,
378 1246 412 1273 15
433 1245 523 1273 rebus
544 1246 659 1274 cunctis
679 1246 757 1274 inest
779 1246 901 1282 qnidam
921 1255 949 1273 v.
972 1245 1063 1273 orbis.

129 1283 166 1309 A.
188 1283 216 1315 4,
239 1283 285 1310 34.
308 1284 335 1317 6,
366 1284 413 1312 30.
435 1284 481 1312 38.
510 1286 555 1320 15,
577 1286 622 1312 71.
643 1301 682 1305 -
703 1285 740 1312 D.
761 1286 797 1312 22
819 1284 945 1312 verbum
968 1294 993 1311 v.
1016 1292 1063 1312 ru-

130 1320 231 1356 bigine
253 1320 402 1350 infectum.
444 1323 480 1350 32
512 1323 713 1359 eloquentiam
736 1333 760 1350 υ.
782 1323 939 1359 expulsam
960 1330 1062 1358 regno.

130 1360 166 1386 A.
190 1360 215 1394 1,
237 1361 272 1387 41
296 1368 323 1387 V.
345 1359 375 1387 in
396 1360 470 1388 urbe
492 1361 572 1389 victa
594 1361 696 1389 facies.
736 1362 772 1389 A.
803 1364 828 1397 1,
851 1362 887 1390 65
908 1361 1013 1389 audire
1033 1369 1061 1389 V.

130 1400 298 1425 vocantem.
319 1399 354 1426 Α.
380 1400 424 1433 13,
447 1400 484 1428 30
505 1408 532 1427 V.
554 1399 685 1427 infimam
706 1400 868 1428 nationum.
909 1400 946 1428 A.
967 1400 994 1435 6,
1016 1400 1062 1428 50.

130 1449 168 1454 —
189 1435 225 1462 D.
247 1437 295 1465 22.
317 1438 353 1465 39
375 1442 402 1465 et
422 1439 506 1466 velut.
546 1438 603 1474 Ag.
625 1439 663 1465 24
683 1438 878 1474 profuturum,
909 1438 934 1466 si
955 1446 983 1464 v.
1006 1437 1061 1465 Ro-

131 1481 219 1500 mana
242 1474 352 1510 ubique
374 1484 456 1502 arma
483 1478 512 1503 et
533 1484 560 1503 V.
593 1485 608 1503 e
634 1478 796 1512 conspectu
825 1477 949 1504 libertas
979 1476 1063 1503 tolle-

129 1514 219 1539 retur.
260 1513 317 1548 Ag.
348 1514 394 1541 44.
422 1513 458 1541 Η.
480 1515 507 1549 4,
529 1515 575 1542 62.
596 1529 635 1533 —
660 1515 696 1542 D.
718 1516 744 1542 7.
768 1516 802 1543 17
824 1523 859 1541 ac
880 1516 963 1542 velat.
1004 1514 1062 1549 Ag.

132 1551 177 1585 16,
200 1550 236 1577 H.
258 1552 286 1586 2,
310 1552 353 1579 15.
376 1552 402 1586 3,
424 1553 469 1580 59.
491 1553 527 1580 Α.
549 1554 576 1589 2,
599 1554 644 1581 38.
666 1552 698 1580 Ρ.
721 1553 735 1580 1
756 1561 784 1589 p.
806 1554 852 1581 33.

189 1588 299 1628 Vena.
340 1589 377 1617 D.
391 1592 426 1618 31
448 1591 563 1619 tenebit
585 1601 671 1618 venas
692 1591 867 1619 animorum.
889 1590 938 1627 (G.
961 1591 978 1618 5
999 1589 1062 1618 nul-

131 1626 190 1654 lam
212 1628 390 1655 Germaniae
412 1637 518 1656 venam
540 1632 697 1665 argentum
718 1637 861 1657 aurumve
882 1628 1029 1665 gignere.)

189 1665 405 1694 Veneratio.
448 1667 484 1695 D.
511 1669 527 1695 6
558 1668 587 1695 in
617 1667 735 1696 iudiciis
765 1668 919 1695 veneratio.
970 1666 1005 1695 G.
1026 1668 1065 1694 40

129 1701 241 1747 (deam)
261 1704 354 1732 inulta
376 1713 440 1733 cum
462 1714 490 1733 V.
512 1706 713 1742 prosequitur.
752 1706 788 1734 A.
812 1707 857 1741 15,
880 1707 917 1733 74
937 1704 1064 1732 mortale

129 1742 282 1808 letigium
310 1751 430 1779 egresso
461 1746 491 1772 et
520 1745 742 1772 venerationem
768 1744 918 1772 hominum
948 1743 1064 1771 merito.

160 1802 166 1808 .
190 1782 235 1816 14,
260 1782 302 1809 13.

189 1818 356 1849 Veneror.
398 1821 433 1848 D.
456 1822 492 1849 13
514 1820 543 1848 in
562 1820 680 1849 theatro
704 1837 740 1841 -
760 1820 918 1857 Virgilium
950 1830 1064 1848 venera-

131 1862 174 1884 tus
196 1862 237 1884 est
257 1857 300 1885 sic
322 1859 408 1894 quasi
429 1859 607 1895 Augustum.
640 1860 676 1887 A.
700 1860 744 1895 12,
766 1860 802 1888 37
824 1858 988 1895 principem
1003 1859 1064 1886 lau-

132 1895 220 1923 dibus
241 1896 438 1933 gratibusque
459 1897 595 1925 venerati
616 1900 692 1925 sunt.
719 1898 755 1925 A.
779 1899 824 1933 16,
845 1899 864 1925 4
885 1900 1001 1924 coetum
1022 1896 1066 1932 (in

131 1933 262 1969 theatro)
284 1943 372 1962 manu
393 1940 562 1964 veneratus.
604 1936 639 1963 A.
662 1939 689 1971 2,
713 1938 737 1964 1.
760 1938 805 1964 75.
829 1936 874 1971 14,
896 1936 941 1963 61.

190 1972 313 2000 Venio.
355 1974 391 2001 D.
414 1975 430 2001 7
452 1982 506 2001 nec
529 1982 594 2001 01101
612 1974 712 2010 gratia
731 1974 805 2002 venit
821 1973 865 2009 (111
881 1974 956 2005 &neit
975 1972 1063 2007 10110).

130 2011 165 2038 A.
190 2012 234 2046 14,
256 2012 294 2039 53
315 2012 422 2047 quibus
445 2012 577 2048 (studiis)
599 2012 746 2040 claritudo
772 2013 862 2040 Venit.
903 2012 938 2039 A.
962 2013 1007 2047 14,
1027 2012 1066 2039 43

131 2049 212 2085 quod
234 2049 322 2077 hodie
349 2050 431 2078 venit
462 2051 610 2079 consulari
641 2051 714 2078 viro.
756 2051 793 2079 D.
823 2052 858 2080 37
890 2050 1018 2078 venerint
1038 2049 1066 2077 in

132 2097 230 2115 mamis
252 2090 377 2117 vestras.
418 2089 453 2117 A.
483 2091 512 2125 4,
544 2092 578 2117 11
604 2097 728 2126 quorum
758 2089 787 2117 10
808 2097 846 2117 m.
867 2097 939 2117 cura
960 2090 1063 2116 nostra

130 2127 255 2154 venerit.
787 2136 794 2139 Α

191 2165 356 2193 Verbum.
398 2165 434 2193 D.
459 2167 496 2194 22
526 2167 639 2194 nullum
669 2176 695 2193 v.
722 2167 758 2194 22
791 2166 885 2193 verbis
914 2165 1063 2193 delectum

131 2202 276 2231 adhibuit.
297 2205 332 2232 21
354 2204 458 2232 sordes
480 2205 639 2232 verborum.
660 2206 697 2233 23
715 2205 825 2232 cultum
842 2215 866 2233 v.
884 2205 921 2232 26
939 2203 1064 2231 lascivia

132 2251 158 2270 v.
181 2258 217 2262 —
238 2242 334 2277 pudor
356 2252 380 2269 υ.
402 2245 458 2278 Ag.
480 2244 625 2272 40mult0
642 2243 800 2271 Verborum
819 2243 940 2271 honore.
960 2243 995 2272 A.
1018 2244 1064 2277 11,

131 2281 167 2307 21
189 2279 271 2308 hisce
292 2280 392 2309 Verbis
414 2281 544 2310 dedecus
564 2281 708 2310 natalium
729 2282 900 2310 velavisset.
921 2280 957 2308 A.
977 2281 1004 2317 3,
1017 2282 1063 2309 39.

134 2319 178 2354 14,
200 2320 238 2347 59
258 2318 323 2355 ipsa
345 2328 372 2346 V.
394 2320 530 2348 referam.

191 2357 433 2386 Verecundia.
475 2359 512 2386 D.
533 2360 570 2388 28
583 2368 674 2387 verec.
696 2358 835 2396 quadam.
857 2359 914 2395 Ag.
937 2360 964 2387 8.
986 2367 1014 2386 V.
1036 2358 1067 2386 111

133 2395 343 2431 praedicando.
365 2397 400 2424 A.
424 2398 469 2433 16,
493 2400 526 2425 11
549 2397 675 2433 singulis
695 2397 831 2426 vestibus
851 2397 890 2425 ad
912 2407 940 2425 V.
963 2396 1065 2425 velati.

192 2434 352 2463 Veritas.
401 2436 436 2463 D.
472 2437 509 2464 38
539 2436 645 2472 (forma
674 2435 861 2472 iudiciorum)
892 2435 991 2472 aptior
1021 2437 1067 2463 est

134 2473 257 2500 veritati.
279 2475 316 2502 ‚35
337 2474 463 2502 materia
483 2474 642 2503 abborenti
663 2484 681 2503 a
703 2485 730 2502 v.
751 2475 786 2502 A.
808 2476 835 2510 6,
857 2475 894 2503 38
916 2474 1065 2502 Veritatis<

133 2519 190 2546 que
222 2512 267 2538 <tui
299 2512 432 2541 adulatio
463 2513 563 2549 officit,
590 2522 646 2549 per
673 2513 785 2550 probra
815 2513 924 2541 saltem
954 2520 1065 2548 gnarus

1074 76 1116 108 :28

635 287 667 313 11
702 284 898 313 valentiorum
924 288 1066 314 contactu
1088 292 1090 296 '

1124 171 1259 239 fiefftA.
1274 176 1298 210 1,
1310 175 1347 203 75
1362 174 1431 203 dum
1452 173 1573 202 veritati
1589 175 1764 211 consulitur,
1787 175 1912 205 libertas
1931 185 2059 206 corrum-

1124 219 1162 247 pe
1185 220 1203 238 a
1220 220 1263 239 ur.

1182 249 1436 279 Vernaculus.
1478 251 1514 278 D.
1536 252 1573 279 28
1600 261 1679 279 vern.
1702 251 1808 287 (urbis)
1840 252 1929 281 vitiis.
1971 253 2008 282 H.
2029 254 2058 288 2,

1122 287 1160 314 82
1181 296 1207 315 V.
1228 287 1408 318 urbanitate.
1429 289 1464 317 A.
1489 291 1515 325 l,
1536 291 1572 317 31
1595 298 1622 317 V.
1644 290 1813 318 multitudo.

1185 326 1315 354 Verto.
1356 326 1431 355 Vide
1453 328 1495 355 In.

1181 364 1321 392 Verum.
1364 365 1400 392 D.
1424 366 1461 395 23
1482 375 1580 394 verum
1606 365 1643 393 de
1673 365 1761 394 vobis
1781 366 1841 395 sint
1862 366 1980 395 dicturi.
2021 367 2058 396 A.

1125 406 1153 438 2,
1174 404 1210 432 82
1232 411 1303 429 Vera
1323 411 1446 438 prorsus
1467 403 1505 432 de
1526 404 1623 432 Druso
1645 404 1777 433 seniores
1806 405 1930 433 locutos.
1971 406 2009 434 H.
2029 407 2058 441 2,

1121 443 1160 470 84
1179 449 1238 469 non
1258 440 1304 468 ius
1324 443 1376 469 aut
1397 450 1499 470 verum
1520 457 1557 462 —
1578 442 1746 478 spectabat.
1786 443 1813 470 H
1845 444 1872 479 2,
1895 445 1931 471 72
1958 451 2060 472 errore

1120 480 1194 507 veri.
1216 479 1252 507 H.
1274 479 1301 514 4,
1323 480 1361 507 70
1381 479 1568 516 indiligentia
1589 489 1617 508 V.
1640 481 1676 508 H.
1698 484 1725 517 5,
1748 482 1782 510 13
1805 480 1934 518 (ludaei)
1954 481 2058 510 00011-

1120 517 1216 546 versis
1237 516 1356 553 quidem
1378 517 1417 545 ad
1438 526 1510 546 vera
1529 518 1732 547 mutabantur.

1179 555 1315 584 Vestis.
1356 556 1383 583 D
1412 557 1449 583 26
1471 557 1648 585 meretriciis
1668 557 1800 586 vestibus.
1842 557 1878 585 A.
1895 558 1923 592 3,
1935 559 1972 586 53
1990 566 2057 595 pro-

1120 594 1229 622 miscas
1248 594 1320 622 viris
1336 596 1367 621 et
1378 593 1493 622 feminis
1504 597 1612 623 vestes.
1633 595 1670 623 A.
1682 596 1726 631 16,
1742 597 1776 623 10
1785 595 1962 631 sanguinem
1981 599 2011 624 et
2028 604 2057 625 V.

1119 640 1283 668 respersas.
1306 631 1342 660 G.
1354 634 1400 660 27.
1411 633 1458 661 40.
1474 633 1509 661 A.
1522 634 1566 669 15,
1586 634 1628 661 15.
1645 632 1692 670 (A.
1707 634 1750 669 13,
1761 635 1798 662 25
1810 634 1889 662 Nero
1900 636 1985 662 veste
1996 642 2056 663 ser—

1120 671 1182 698 vili.
1197 670 1232 699 G.
1257 672 1292 699 17
1312 673 1396 699 veste
1413 670 1645 707 distinguuntur.
1667 672 1702 699 A.
1726 674 1752 707 1,
1772 673 1818 700 69.
1839 673 1866 707 4,
1887 673 1934 701 56.
1954 673 1982 707 6,
1997 671 2057 710 50)

1179 709 1403 745 Vestigium.
1444 709 1479 737 D.
1499 711 1536 738 33
1558 709 1890 747 peregisse—vestigia
1909 719 1946 738 ac
1966 710 2056 739 linea-

1120 750 1221 776 menta
1243 747 1420 775 ostendisse.
1442 747 1477 775 A.
1501 749 1546 782 16,
1567 749 1604 775 26
1626 756 1751 784 quorum
1772 748 1910 784 vestigiis
1940 751 1971 776 et
1996 752 2055 777 stn—

1122 785 1180 814 diis
1201 786 1293 814 vitam
1315 785 1443 820 duxerit,
1465 794 1565 814 eorum
1586 786 1683 821 gloria
1703 789 1820 821 peteret
1840 786 1936 814 finem.

1183 824 1313 852 Vetus.
1355 825 1390 852 D.
1404 825 1443 851 24
1463 834 1542 852 more
1563 824 1652 852 veteri
1671 827 1701 852 et
1719 833 1737 852 a
1759 824 1944 861 philosophis
1964 832 2058 861 saepe

1122 863 1274 891 celebrato.
1314 864 1350 890 A.
1373 864 1401 898 2,
1423 863 1461 890 54
1482 865 1600 891 veteres
1622 863 1704 890 locos
1725 864 1754 890 et
1775 862 1854 891 fama
1876 863 2055 891 celebratos.

1121 901 1157 929 A.
1178 903 1206 937 2,
1228 902 1266 929 34
1286 903 1374 929 vetus
1395 909 1469 928 mos.
1490 901 1526 928 A.
1549 902 1577 937 4,
1599 902 1635 929 27
1657 903 1760 928 vetere
1781 909 1819 928 ex
1840 909 1877 928 m.
1898 900 1947 937 (A.
1968 903 1996 937 4,
2021 902 2055 930 16

1121 942 1240 967 vetusto
1261 938 1311 975 m.)
1330 940 1365 967 A.
1386 940 1414 975 3,
1435 940 1471 967 85
1493 948 1530 966 m.
1553 939 1631 967 inter
1651 941 1769 967 Veteres
1789 941 1921 975 recepto.
1951 940 1987 968 A.
2009 941 2054 975 11,

1123 979 1158 1007 18
1179 980 1311 1006 veterem
1327 977 1372 1005 ad
1394 986 1431 1005 m.
1453 978 1499 1006 H..
1512 978 1540 1012 4,
1561 978 1599 1006 45
1620 977 1783 1005 secundnm
1805 985 1832 1004 V.
1854 985 1892 1005 m.
1913 993 1952 998 —
1969 978 1997 1006 D
2017 979 2055 1006 3⁷

1121 1016 1195 1044 haec
1216 1021 1322 1043 vetera.
1363 1016 1398 1043 A.
1420 1017 1448 1051 2,
1470 1017 1506 1044 55
1527 1016 1617 1043 etiam
1639 1024 1667 1042 v.
1689 1015 1872 1043 obiectabat.
1894 1032 1930 1036 —
1957 1016 1994 1044 D.
2017 1016 2054 1045 28

1120 1059 1213 1083 vetere
1232 1054 1328 1090 gloria
1342 1054 1510 1090 —antz‘qua
1531 1054 1680 1082 libertate.
1705 1055 1749 1081 15.
1772 1055 1817 1082 16.
1842 1055 1876 1082 17
1897 1058 2055 1082 veteres-—

1119 1093 1245 1130 antiqui.
1275 1093 1311 1120 A.
1333 1093 1360 1129 2,
1382 1094 1420 1121 83
1442 1092 1637 1121 Germanicus
1657 1101 1686 1120 V.
1707 1092 1785 1120 inter
1805 1092 1976 1128 scriptores.
2015 1091 2052 1120 A.

1122 1133 1167 1168 11,
1189 1133 1206 1160 6
1227 1134 1361 1159 veterum
1382 1147 1419 1151 —
1440 1131 1648 1159 recentiorum.
1687 1130 1723 1158 A.
1745 1132 1772 1166 3,
1793 1131 1811 1159 8
1832 1132 1945 1166 quanto
1966 1130 2053 1166 plura

1121 1170 1284 1198 recentium
1306 1178 1357 1197 seu
1378 1171 1512 1197 Veterum
1533 1169 1665 1204 revolvo,
1686 1171 1771 1196 tanto
1797 1169 1893 1205 magis
1924 1168 2054 1197 ludibria

1119 1217 1218 1236 rerum
1240 1207 1408 1236 mortalium
1430 1207 1545 1235 cunctis
1566 1207 1595 1235 iu
1625 1207 1753 1243 negotiis
1786 1207 1993 1235 obversantur.
2015 1222 2053 1226 —

1121 1247 1157 1274 D.
1181 1247 1276 1283 37,18
1289 1251 1387 1274 vetera
1408 1253 1524 1282 semper
1535 1246 1564 1273 in
1584 1245 1682 1281 laude,
1701 1245 1869 1281 praesentia
1883 1245 1912 1272 10
1931 1244 2053 1273 fastidio

1121 1293 1196 1313 esse.
1226 1284 1262 1313 A.
1286 1286 1331 1321 13,
1353 1286 1370 1313 3
1391 1284 1500 1321 quibus
1521 1284 1649 1312 otiosum
1671 1286 1717 1312 est
1737 1286 1841 1312 vetera
1862 1285 1892 1311 et
1912 1290 2052 1319 praesen-

1119 1323 1161 1351 tia
1183 1323 1372 1351 contendere.
1413 1322 1449 1351 A.
1471 1324 1499 1359 2,
1521 1324 1556 1351 83
1579 1322 1648 1350 dum
1678 1324 1782 1350 vetera
1803 1321 1983 1357 extollimus,
2009 1329 2053 1349 re-

1119 1362 1248 1390 centium
1270 1361 1420 1389 incuriosi.
1443 1361 1499 1397 Ag.
1522 1363 1536 1388 1
1560 1360 1707 1388 incuriosa
1730 1368 1849 1388 suorum
1870 1363 1966 1388 aetas.

1178 1400 1373 1428 Vetustas.
1415 1400 1451 1427 D.
1482 1401 1495 1427 1
1525 1402 1636 1427 vexata
1663 1402 1694 1426 et
1724 1398 1815 1426 inrisa
1847 1402 1984 1426 vetustate
2014 1412 2052 1417 —-

1118 1439 1309 1474 antiquorum
1331 1437 1458 1474 ingeniis
1480 1446 1547 1473 opp.
1569 1439 1662 1465 nostr.
1683 1438 1774 1472 temp.
1798 1436 1824 1464 G
1852 1437 1871 1464 2
1892 1437 1922 1463 in
1933 1435 2055 1463 licentia

1118 1476 1290 1505 vetustatis.
1313 1476 1349 1503 H.
1374 1478 1398 1511 1,
1421 1476 1457 1503 66
1479 1484 1506 1502 V.
1529 1475 1721 1511 dignitasque
1742 1474 1886 1502 coloniae.
1908 1474 1943 1502 A.
1966 1474 1995 1509 2,
2016 1474 2054 1502 83

1119 1514 1267 1551 quaedam
1290 1523 1317 1542 V.
1340 1513 1522 1542 obliteravit.
1545 1513 1582 1541 H.
1603 1515 1631 1549 2,
1652 1514 1671 1541 4
1692 1520 1829 1549 quaeque
1856 1511 1916 1540 alia
1943 1511 2054 1539 laetum

1117 1553 1349 1589 antiquitatibus
1372 1552 1555 1581 Graecorum
1576 1560 1670 1588 genus
1691 1551 1822 1579 incertae
1843 1549 1989 1578 vetustati
2001 1549 2053 1577 ad-

1119 1591 1213 1627 fingit.

1177 1629 1255 1657 via.
1296 1629 1332 1657 D.
1357 1630 1392 1657 19
1404 1628 1519 1657 directa
1541 1627 1661 1656 dicendi
1685 1627 1740 1655 via.
1762 1627 1798 1655 A.
1819 1628 1847 1664 4,
1868 1628 1886 1655 7
1907 1634 1966 1654 non
1991 1625 2054 1663 qui·

1121 1667 1187 1695 dem
1210 1668 1286 1695 00101
1308 1676 1338 1695 v.
1358 1668 1393 1695 A.
1415 1669 1443 1703 4,
1464 1668 1481 1695 3
1503 1667 1616 1703 placuit
1639 1665 1784 1694 occultior
1804 1674 1832 1693 v.

1179 1706 1299 1735 Vilis.
1341 1706 1377 1734 D.
1399 1707 1435 1734 29
1458 1714 1494 1733 ex
1516 1704 1652 1733 omnibus
1664 1703 1759 1732 servis
1778 1703 1937 1731 vilissimus.
1957 1702 2008 1740 (H.
2028 1703 2055 1739 1,

1119 1746 1138 1773 4
1159 1744 1318 1772 deterrimo
1341 1743 1519 1779 servorum.)
1539 1743 1596 1779 Ag.
1619 1744 1655 1771 31
1677 1743 1706 1770 in
1728 1742 1785 1770 1100
1806 1741 1888 1770 orbis
1908 1744 2054 1770 terrarum

1120 1785 1222 1811 vetere
1243 1782 1389 1810 famulatu
1409 1782 1480 1810 novi
1500 1790 1554 1810 11οο
1578 1783 1607 1809 01
1627 1781 1702 1809 Viles
1717 1780 1745 1808 in
1757 1780 1905 1808 excidium
1916 1779 2054 1816 petimur.

1121 1821 1156 1850 G.
1179 1822 1196 1849 5
1219 1821 1290 1849 vilia
1311 1821 1522 1849 mercantibus.
1563 1819 1598 1847 A.
1620 1821 1647 1855 2,
1669 1821 1687 1847 2
1709 1818 1854 1847 vilissima
1874 1817 2053 1846 utensilium.

1177 1859 1257 1887 Vis.
1299 1859 1336 1887 D.
1349 1861 1384 1888 21
1398 1859 1440 1886 vis
1450 1861 1502 1887 aut
1512 1858 1602 1886 animi
1615 1860 1667 1886 aut
1687 1857 1799 1893 ingenii
1819 1858 1855 1885 37
1881 1856 1921 1884 vis
1942 1854 2054 1891 ingenii

1121 1901 1148 1927 2.
1170 1898 1200 1925 υἱ
1213 1900 1347 1926 naturae.
1369 1898 1404 1925 A.
1427 1899 1473 1933 11,
1495 1898 1532 1926 28
1555 1897 1583 1924 vi
1604 1896 1721 1924 mentis.
1742 1895 1778 1923 A.
1802 1896 1847 1931 13,
1870 1896 1906 1924 13
1925 1894 1955 1921 vi
1974 1901 2054 1936 amo-

1121 1936 1172 1964 ris.
1196 1952 1232 1956 —
1254 1936 1292 1965 D.
1315 1937 1331 1964 7
1354 1935 1378 1964 s'
1407 1944 1467 1963 non
1488 1935 1593 1963 indolis
1614 1935 1644 1962 vi
1673 1934 1766 1962 oritur
1810 1941 1846 1961 ex
1867 1941 1932 1960 mea
1953 1939 1987 1960 eo

1121 1974 1179 2011 Ag.
1204 1976 1238 2003 11
1261 1973 1369 2010 origini
1426 1983 1446 2004 1.
1499 1998 1503 2002 .
1526 1975 1554 2009 2,
1576 1974 1594 2002 3
1614 1972 1826 2001 Arsacidarum
1847 1971 1886 2001 Vi.
1941 1994 1946 1999 .
1967 1971 1996 2005 2,
2018 1970 2058 2013 76

1121 2012 1271 2041 exercitus
1292 2012 1331 2041 vi.
1355 2013 1391 2041 A.
1414 2013 1441 2049 6,
1466 2014 1502 2040 37
1523 2012 1606 2040 nulla
1627 2010 1765 2039 imbrium
1786 2010 1826 2038 vi.
1848 2025 1884 2029 -
1904 2009 1941 2037 D.
1966 2009 2002 2036 19
2027 2016 2057 2035 υι

1122 2053 1152 2080 et
1171 2056 1320 2088 potestate.
1344 2051 1381 2080 H.
1403 2052 1432 2087 2,
1454 2052 1500 2079 39.
1523 2051 1551 2086 3,
1575 2052 1608 2078 11
1630 2049 1677 2077 vis
1697 2057 1733 2077 ac
1754 2050 1944 2085 1101001010.-
1958 2047 1995 2075 D.
2017 2046 2056 2074 23

1120 2090 1174 2117 vim
1195 2092 1225 2118 et
1246 2090 1391 2118 ardorem.
1414 2090 1471 2125 Ag.
1494 2090 1512 2117 8
1533 2089 1593 2116 vim
1615 2097 1649 2116 su
1659 2096 1700 2115 1111
1720 2087 1926 2122 ardoremque.
1966 2084 2003 2112 H.
2029 2085 2055 2120 1,

1118 2129 1155 2157 62
1176 2137 1203 2156 a.
1227 2130 1257 2156 et
1278 2127 1334 2157 Vis.
1356 2143 1394 2146 -—-
1414 2127 1451 2157 D.
1474 2128 1510 2155 37
1534 2127 1641 2154 viribus
1661 2128 1692 2154 et
1712 2125 1810 2154 ανηιὶε.
1853 2124 1889 2152 H.
1912 2125 1940 2157 2,
1963 2124 2001 2151 74
2023 2131 2052 2153 a.

1118 2168 1148 2195 et
1169 2166 1258 2194 vires.
1281 2166 1318 2194 H.
1341 2167 1369 2201 4,
1389 2167 1427 2194 23
1448 2166 1494 2193 vis
1516 2167 1548 2193 et
1565 2174 1592 2194 a.
1617 2164 1653 2193 H.
1676 2165 1704 2200 4,
1725 2165 1763 2192 68
1782 2163 1842 2190 vim
1863 2165 1955 2198 atque
1975 2170 2003 2189 a.

1179 2205 1290 2233 Visus
1343 2205 1380 2232 D.
1401 2205 1438 2232 22
1464 2204 1554 2232 visum
1575 2206 1605 2231 et
1626 2203 1728 2230 oculos
1748 2201 1887 2229 delectet.
1930 2204 1985 2236 Ag.
2007 2200 2054 2229 45.

1121 2247 1155 2273 A.
1184 2245 1209 2279 1,
1230 2245 1287 2272 28..
1310 2244 1338 2280 3,
1360 2244 1387 2271 3.
1410 2244 1438 2279 4,
1462 2243 1510 2273 74,
1542 2243 1586 2270 12.
1616 2242 1664 2270 47.
1686 2242 1731 2276 15,
1754 2240 1799 2268 15.
1822 2255 1859 2259 —
1886 2241 1920 2268 A.
1952 2240 1981 2275 2,
2008 2239 2055 2267 41.

1139 2304 1146 2319 ’
1181 2303 1286 2348 viti.
1329 2320 1366 2347 D.
1387 2320 1423 2347 22
1445 2318 1528 2347 iuxta
1539 2318 1631 2356 finem
1650 2317 1733 2345 vitae.
1776 2318 1832 2352 Ag.
1864 2317 1901 2344 43
1931 2314 1999 2344 finis
2025 2323 2056 2345 v.

1121 2359 1159 2388 H.
1183 2361 1210 2393 3,
1231 2359 1268 2387 75
1289 2358 1319 2386 in
1340 2358 1398 2386 fine
1419 2366 1447 2386 V.
1491 2361 1523 2385 A.
1547 2359 1574 2393 4,
1595 2358 1633 2385 38
1662 2354 1702 2383 ad
1731 2353 1818 2382 finem
1849 2362 1943 2391 usque
1964 2353 2055 2383 Vitae.

1121 2397 1168 2434 (A.
1190 2398 1219 2432 2,
1241 2398 1276 2424 71
1298 2396 1350 2425 ubi
1372 2395 1437 2424 finis
1457 2394 1587 2431 aderat.)
1628 2394 1665 2423 D.
1690 2393 1726 2422 13
1756 2393 1905 2429 dignitate
1932 2392 2008 2421 vitae
2027 2393 2059 2420 et

1121 2435 1323 2472 perpetuitate
1335 2435 1440 2469 famae
1472 2434 1508 2462 H.
1533 2436 1558 2469 l,
1579 2434 1616 2461 42
1637 2432 1699 2460 vita
1721 2430 1870 2468 famaque.
1893 2430 1930 2459 H.
1950 2431 2010 2474 4,7
2026 2438 2054 2459 V.

1121 2473 1300 2510 famamque.
1324 2473 1362 2502 H.
1385 2474 1412 2509 3,
1435 2473 1472 2502 28
1493 2471 1573 2500 fama
1594 2470 1725 2506 vitaque.
1750 2473 1781 2500 A.
1804 2473 1832 2506 6,
1845 2470 1882 2498 51
1902 2476 2055 2506 egregium

1121 2512 1185 2540 vita
1225 2512 1373 2548 famaque.
1395 2514 1429 2541 A.
1453 2511 1498 2546 15,
1518 2511 1558 2538 50
1577 2517 1607 2539 V.
1628 2508 1648 2539 f.
1671 2508 1833 2538 laudatum.
