2238 2735
109 214 209 242 vocati
231 222 284 241 sua
309 223 375 242 voce
395 213 535 250 respond.
576 213 610 241 Α,
632 214 678 248 14,
700 214 736 240 15
757 212 883 240 formam
904 212 1048 248 principis

109 260 274 289 vocemque
295 252 382 280 deum
403 251 560 280 vocabulis
580 251 778 287 appellantes.

167 291 193 319 L
204 291 340 319 iniame
350 293 415 318 ntu
425 299 462 318 m.
490 290 525 318 D.
540 291 577 318 33
590 289 719 325 vestigia
731 291 761 317 et
778 288 944 316 liniamenta
959 297 1047 325 quae-

109 329 187 358 dam.
229 329 264 358 G.
284 331 320 357 16
339 329 491 365 picturam
505 337 540 356 ae
558 327 731 355 liniamenta
757 327 887 355 colorum
908 327 1048 355 imitetur.

169 368 369 405 Litigator.
411 367 448 395 D.
472 368 516 395 12.
537 367 574 394 23
596 365 720 393 sedente
741 367 810 394 ante
829 365 937 394 ostium
954 366 1049 403 litiya-

109 412 181 434 tore.
202 407 238 435 A.
262 408 308 442 13,
329 407 366 434 42
389 408 495 441 sponte
515 404 677 440 litigatoris

167 445 283 473 Litus.
325 444 362 472 D.
394 446 427 472 17
458 451 559 479 pugna
590 451 649 478 qua
681 442 841 471 Caesarem
871 441 1047 470 inferentem

109 492 192 511 arma
212 483 386 511 Britanniae
406 490 509 510 arcere
531 481 662 509 litoribus
683 484 713 509 et
728 482 840 517 pellere
854 481 953 509 conati
967 483 1046 509 suut.

108 522 166 558 Ag.
189 524 225 550 13
247 522 334 549 divus
355 521 448 549 Iulius
476 529 542 548 011111
564 519 699 548 exercitu
718 519 904 548 Britanniam
932 519 1047 555 ingres-

108 569 158 588 sus
179 568 359 596 quamquam
387 567 533 595 prospera
566 566 668 594 pugna
700 558 840 586 terruerit
869 558 984 586 incolas
1011 566 1047 586 ac

107 599 195 627 litore
226 599 342 635 potitus
373 598 420 634 sit,
451 599 552 633 potest
581 596 678 624 videri
708 597 878 625 ostendisse
907 596 1046 633 posteris,

111 645 170 664 non
192 636 364 665 tradidisse.

165 675 291 703 Liveo.
332 675 369 703 D.
392 675 429 703 25
448 674 581 702 invidere
603 676 632 702 et
654 674 751 702 liz-ere.
772 673 808 701 A.
831 675 876 710 13,
895 674 931 701 42
943 673 1046 710 (Sene-

111 713 189 749 cam)
211 716 326 742 suetum
347 713 440 741 livere
469 713 516 741 his
545 712 596 749 qui
624 712 758 740 vividam
785 715 816 740 et
843 712 1046 748 incorruptam

110 752 310 788 eloquentiam
331 751 451 779 tuendis
473 751 589 779 civibus
612 752 796 779 exercerent.

165 791 293 819 Locus.
335 791 372 818 D.
395 791 430 818 12
452 790 481 817 111
504 791 568 817 loca
588 798 662 826 pina
686 805 724 809 —
745 789 914 825 sedibusque
942 788 1045 817 sacris.

106 828 144 856 H.
164 830 192 864 2,
215 830 251 857 12
272 829 339 857 loca
361 828 508 865 sedesque
529 828 654 865 patriae.
697 828 732 857 Gr.
753 829 791 856 40
811 827 890 855 festa
911 828 987 855 loca.
1008 844 1047 848 —

95 867 143 895 ⁷D.
164 868 201 895 22
224 869 302 895 locos
323 867 474 895 laetiores.
515 868 551 895 A.
574 868 619 902 14,
650 867 689 894 24
708 867 728 894 1.
751 867 858 894 cultos.
900 866 937 894 H.
958 867 986 901 2,
1009 867 1046 894 70

128 914 228 934 uenae
248 906 268 935 l.

107 914 128 942 p
149 926 357 981 e'Locuples
398 944 435 972 D.
458 945 475 971 6
500 944 590 972 orbos
611 946 641 972 et
661 944 816 980 locupletes
836 959 874 963 —
900 951 987 971 senes
1008 959 1045 963 —

103 990 276 1019 pauperem.
306 984 343 1010 22
367 984 422 1009 loc.
444 985 474 1010 et
494 983 607 1010 lautum
628 984 745 1018 patrem
776 981 847 1009 fam.
889 981 938 1017 (H.
959 983 987 1017 2,
1008 982 1045 1010 86

104 1020 214 1049 divites
236 1029 331 1049 senes.
354 1022 390 1049 A.
414 1022 459 1057 15,
481 1022 518 1049 54
543 1020 630 1057 dites,
651 1028 809 1057 pauperes.
841 1019 877 1048 A.
901 1023 927 1056 1,
950 1021 987 1048 74
1009 1028 1046 1047 ex

102 1060 287 1096 pauperibus
318 1058 450 1095 divites.)
491 1059 528 1087 H.
562 1062 588 1095 1,
619 1061 656 1088 46
686 1060 772 1095 inops
800 1067 854 1095 pro
882 1058 1042 1094 locupleto.

104 1098 162 1133 Ag.
183 1099 221 1126 27
244 1098 269 1126 si
290 1098 424 1134 locuples
446 1097 543 1126 hostis
560 1100 615 1133 est,
636 1097 730 1126 avari.
752 1098 788 1125 A.
810 1099 838 1133 6,
860 1099 896 1125 16
918 1105 955 1125 ex
977 1097 1042 1124 libi-

103 1135 171 1164 dine
192 1136 395 1172 locupletium.
419 1136 453 1165 G.
477 1138 520 1164 17.
542 1136 579 1164 Η.
603 1139 629 1173 1,
650 1138 704 1165 46.
726 1137 754 1172 2,
778 1137 824 1164 84.

161 1175 316 1211 Longus.
358 1176 395 1203 D.
424 1176 461 1203 38
493 1176 579 1212 lonya
600 1191 636 1194 —
659 1176 745 1211 quies
771 1177 802 1203 et
823 1175 984 1202 continuum
1005 1189 1041 1193 ——

103 1212 204 1241 otium.
243 1214 281 1241 A.
304 1215 351 1250 13,
372 1215 408 1242 32
431 1214 522 1249 longa
537 1230 571 1233 —
590 1216 676 1242 aetas
697 1216 727 1241 et
748 1213 889 1241 continua
909 1213 1042 1241 tristitia.

103 1250 138 1280 G.
162 1253 199 1280 14
218 1252 310 1288 longa
331 1260 407 1288 pace
438 1255 467 1279 et
488 1251 560 1280 otio.
603 1252 641 1280 H.
664 1254 691 1288 2,
712 1252 758 1280 55.
801 1251 837 1279 A.
861 1253 906 1288 14,
937 1252 984 1280 65.
1005 1267 1044 1271 -

102 1290 140 1318 D.
164 1292 198 1318 17
220 1290 302 1318 illum
325 1290 442 1319 Galbae
463 1293 495 1318 et
517 1290 644 1318 Othonis
665 1292 696 1318 et
715 1290 830 1318 Vitellii
853 1291 968 1327 Zongyum
989 1289 1042 1326 (in=

103 1330 250 1365 baltsteich,
285 1328 321 1357 cf.
345 1329 423 1357 Hist.
444 1328 537 1365 I—V)
567 1332 597 1357 et
618 1339 702 1356 unum
731 1337 850 1357 annum.
891 1329 928 1357 H.
957 1330 984 1364 2,
1006 1330 1043 1357 95

102 1376 211 1403 magna
224 1373 253 1395 et
266 1368 375 1395 misera
386 1367 494 1395 civitas
510 1367 614 1395 eodem
629 1376 708 1395 anno
719 1366 866 1396 Othonem
877 1367 1042 1395 Vitellium-

103 1414 160 1442 que
180 1414 281 1442 passa,
303 1406 382 1434 inter
403 1406 507 1434 Vinios
528 1406 642 1434 Fabios
662 1406 760 1434 Icelos
781 1406 934 1434 Asiaticos
955 1405 1041 1434 varia

102 1447 132 1471 ct
151 1444 292 1480 pudenda
314 1448 394 1473 sorte
415 1444 538 1480 agebat,
568 1444 663 1472 donec
685 1452 858 1472 successere
885 1444 1042 1472 Mucianus

102 1484 133 1510 et
152 1483 313 1511 Marcellus
334 1486 364 1511 et
384 1483 481 1519 magis
511 1483 563 1510 ulii
593 1482 728 1511 homines
750 1491 839 1519 quam
860 1483 912 1510 alii
933 1491 1040 1511 mores.

159 1527 353 1556 Lubricus.
396 1528 433 1556 D.
466 1529 501 1556 13
531 1527 667 1556 insanum
696 1543 733 1547 —
765 1527 904 1555 lubricum
933 1527 1040 1555 forum.

101 1565 137 1593 A.
161 1567 206 1599 13,
226 1567 244 1593 2
265 1566 409 1594 lubricam
431 1566 578 1602 principis
600 1568 740 1594 aetatem.
782 1567 818 1594 A.
841 1568 868 1601 6,
889 1568 927 1595 49
949 1566 1039 1594 lubri-

102 1612 168 1631 cum
190 1604 329 1632 iuventae
349 1604 453 1632 exiret.
474 1606 510 1632 A.
534 1606 580 1641 14,
596 1606 632 1633 56
650 1605 796 1633 1111)1·1011111
816 1604 1040 1632 adulescentiae

103 1645 234 1670 nostrae.

160 1688 353 1716 Lucrosus.
394 1689 432 1716 D.
455 1690 490 1716 12
514 1689 646 1716 lucrosae
658 1691 687 1716 et
699 1698 752 1716 san
774 1689 899 1716 minantis
914 1688 1042 1725 (geminm

101 1727 229 1763 briugenb
251 1732 304 1755 unt>
324 1728 504 1763 quttricfeub)
533 1736 547 1755 e
562 1729 723 1767 oquentiae
754 1729 976 1765 (accusatorum
1005 1726 1041 1754 cf.

101 1767 137 1793 41
160 1765 337 1793 voluntariis
352 1766 525 1793 accusatione
547 1775 698 1793 us—lnvi
722 1766 793 1794 [osis
805 1765 1041 1801 (hfeusiouibus).

101 1804 160 1840 Ag.
183 1805 219 1832 19
240 1803 346 1839 paucis
366 1804 516 1832 lucrosum
537 1804 630 1832 fieret.
674 1804 718 1832 Cf.
740 1805 777 1832 Η.
799 1806 827 1840 4,
847 1805 885 1832 42
908 1803 958 1841 (de
986 1804 1041 1832 Re-

103 1842 173 1878 gulo
195 1841 383 1878 accusatore)
404 1842 528 1870 libidine
549 1843 705 1879 sanguinis
732 1846 761 1871 et
789 1842 875 1871 hiatu
896 1842 1042 1879 praemio-

103 1889 167 1908 rum
188 1896 226 1900 ——-
248 1880 399 1916 ingenium
421 1896 458 1900 —
480 1881 572 1909 caede
594 1881 686 1909 nobili
708 1881 841 1910 imbuisti
866 1897 898 1901 —
920 1883 1039 1917 septua-

103 1919 169 1955 gies
199 1919 337 1947 sestertio
366 1920 530 1955 saginatus.
573 1920 610 1948 H.
627 1921 659 1956 4,
681 1921 716 1948 41
741 1920 813 1948 deos
834 1922 928 1948 testes
950 1919 1040 1947 advo-

103 1957 224 1994 cabant,
244 1957 318 1985 nihil
350 1965 406 1994 opc
438 1966 491 1986 sua
521 1957 633 1986 factum
663 1967 722 1995 quo
753 1959 927 1995 cuiusquam
960 1958 1042 1986 salus

102 1995 272 2024 laederetur
301 2004 398 2032 neque
426 2004 458 2024 se
478 1997 643 2033 praemium
664 2000 717 2025 aut
736 1997 880 2025 honorem
902 2005 939 2025 ex
962 1997 1041 2025 cala-

102 2034 207 2063 mitate
229 2035 337 2063 civium
359 2034 484 2070 cepisse.
512 2035 549 2064 H.
572 2037 600 2072 4,
621 2037 658 2063 42
681 2035 838 2072 (Regulus)
860 2038 967 2072 sponte
990 2044 1043 2063 eas

102 2073 311 2102 accusationes
333 2073 450 2101 subisse
470 2073 588 2102 iuvenis
608 2074 769 2102 admodum
790 2090 828 2095 —-
847 2083 906 2102 11011
933 2075 1040 2102 tolere-

103 2119 170 2139 mus
188 2112 313 2140 istorum
335 2111 534 2140 defensiones.

161 2156 344 2185 Ludicrus
366 2156 567 2193 (Ludicer).
607 2157 646 2185 D.
674 2159 710 2186 10
741 2157 869 2185 ludicras
890 2173 927 2177 -—
959 2158 1041 2185 artis.

103 2194 139 2222 A.
162 2196 208 2230 14,
230 2196 266 2223 16
287 2195 420 2224 ludicrae
442 2195 631 2231 imperatoris
652 2198 744 2224 artes.

161 2238 293 2268 Ludus.
335 2240 372 2269 D.
395 2240 432 2268 35
455 2239 576 2268 cludere
597 2241 694 2268 ludum
714 2240 927 2277 impudentiae.
962 2240 999 2268 A.
1015 2241 1042 2277 3,

103 2279 140 2306 66
160 2277 325 2306 literarium
345 2278 448 2306 ludum
470 2286 611 2306 exercere
632 2280 719 2306 vetus
740 2287 789 2307 ars
810 2278 876 2308 fuit.

160 2322 290 2350 Lusus.
330 2322 367 2351 D.
388 2324 426 2352 28
447 2324 580 2362 lususque
599 2331 767 2359 puerorum.
791 2323 826 2352 G.
848 2325 885 2353 32
906 2324 938 2352 hi
958 2324 1042 2352 lusus

104 2359 275 2389 infantium.
305 2360 342 2389 A.
356 2364 402 2399 13,
422 2364 457 2391 15
469 2370 593 2398 regnum
604 2361 874 2390 luswsortientium
890 2365 1042 2392 evenerat.

161 2450 289 2487 Magis.
330 2451 368 2479 D.
390 2453 426 2480 18
448 2452 564 2480 dulcior
595 2455 624 2480 et
645 2452 674 2480 in
704 2451 807 2480 verbis
829 2454 920 2490 mayis
941 2453 1042 2481 elabo-

102 2491 195 2518 ratus.
216 2489 252 2517 A.
275 2491 301 2525 l,
322 2490 359 2518 57
382 2492 467 2518 tanto
487 2500 525 2519 m.
548 2490 626 2519 fidus
644 2490 796 2526 rebusque
822 2492 911 2519 motis
931 2492 1040 2528 potior.

102 2527 138 2556 A.
161 2530 188 2565 1,
209 2529 246 2556 67
267 2528 369 2564 plures
390 2528 491 2565 silvas,
512 2529 678 2566 profundas
699 2538 737 2556 m.
759 2529 896 2565 paludes.
934 2530 969 2558 A.
994 2532 1040 2567 16,

105 2568 141 2595 15
161 2566 303 2603 pavidum
325 2574 442 2603 semper
462 2570 492 2595 et
511 2583 548 2588 —
570 2577 608 2596 m.
630 2567 815 2596 exterritum.

1055 117 1092 147 17

1164 214 1327 251 Magnus.
1370 214 1406 241 D.
1427 215 1464 242 41
1487 214 1591 242 eodem
1624 216 1759 249 tempore
1780 229 1817 233 -—
1845 222 1977 251 nmquam
1998 212 2039 242 fa—

1103 260 1181 281 mam
1213 256 1242 281 et
1275 261 1407 290 nmquam
1435 252 1574 288 quietem.
1615 252 1652 280 H.
1683 253 1711 288 4,
1745 252 1763 280 5
1796 251 1881 288 isque
1915 267 1942 271 ——
1975 251 2040 280 dies

1103 299 1232 326 maguae
1253 291 1384 319 offensae
1405 290 1520 318 initium
1543 292 1573 318 et
1592 298 1720 326 magnae
1742 290 1866 327 gloriae.
1895 290 1933 318 H.
1957 292 1982 327 l,
2001 291 2042 319 40

1103 329 1205 364 magni
1225 331 1322 357 metus
1344 332 1373 357 et
1393 337 1522 365 magnae
1544 329 1606 357 irae
1629 329 1787 357 silentium.

1161 367 1399 404 Malignitas.
1439 367 1515 395 vide
1536 375 1601 395 voc.
1623 367 1748 395 Invidia.
1769 368 1806 395 D.
1828 369 1846 396 2
1868 368 2040 405 malique—

1104 407 1306 443 opinarentur.
1329 406 1366 434 Η.
1390 407 1416 442 1,
1437 407 1474 434 85
1495 406 1627 442 maligna
1649 414 1719 434 cura
1741 406 1770 433 in
1791 414 1904 434 omnes.

1160 445 1189 473 M
1200 443 1398 473 anifestus.
1440 444 1476 472 D.
1491 445 1528 472 26
1540 444 1690 472 dissentire
1702 461 1736 465 -—
1750 444 1917 479 rnwzg't'estus
1929 444 1958 472 in
1973 453 2038 472 con·

1103 483 1227 512 trarium
1249 483 1379 519 accingi.
1400 482 1437 518 A,
1459 483 1487 517 2,
1508 484 1544 510 57
1566 485 1654 510 atrox
1675 491 1711 511 ac
1733 482 1893 511 dissentire
1915 491 1992 511 man.

1160 523 1241 550 Man
1251 530 1334 550 suru
1344 530 1366 549 s.
1408 521 1445 549 D.
1468 522 1485 549 9
1508 530 1671 548 mansurum
1693 522 1720 548 ἱη
1746 522 1841 549 animo
1863 521 2039 558 cuiusquam

1103 560 1289 589 beneficium.
1311 561 1368 596 Ag.
1389 561 1426 588 46
1449 568 1680 596 mansurumque
1702 562 1748 588 est
1769 560 1798 587 in
1820 560 1926 589 animis
1947 560 2039 588 homi—

1102 608 1182 635 nnm,
1204 599 1233 627 in
1263 598 1445 627 aeternitate
1476 600 1652 634 temporum.
1693 598 1728 626 A.
1759 600 1786 634 4,
1815 600 1852 627 38
1881 599 1911 626 111
1932 598 2040 627 animis

1102 637 1212 666 vestris
1225 637 1445 674 pulcherrimae
1463 636 1576 672 effigies
1587 638 1617 664 et
1627 645 1795 665 mansurae.
1817 637 1854 665 H.
1866 639 1893 673 1,
1906 639 1942 666 78
1961 645 2041 665 nova

1101 677 1167 704 iura
1188 692 1225 696 -
1247 678 1367 704 ostenta
1388 675 1486 711 magis
1506 683 1595 711 quam
1617 684 1655 702 m.
1685 674 1721 703 A.
1746 677 1790 710 14,
1812 677 1850 704 80
1870 685 1907 704 m.
1929 675 2039 704 theatri

1103 715 1213 743 sedem.
1246 714 1293 750 (A.
1318 716 1361 751 14,
1385 716 1418 743 21
1442 716 1587 750 perpetua
1610 713 1697 742 sedes
1717 713 1836 742 theatro
1857 714 1981 751 locata.)

1160 753 1332 781 Materia.
1373 753 1406 780 P.
1428 753 1442 780 I
1463 761 1492 788 p.
1513 753 1560 780 40.
1601 752 1639 780 D.
1671 753 1689 781 3
1720 761 1834 788 pravae
1864 752 2039 790 interpreta-

1102 792 1177 820 tioni
1199 792 1358 819 materiam.
1379 792 1416 819 37
1438 791 1577 828 iuqcnlcm
1599 791 1789 827 eloquentiae
1812 792 1970 819 materiam.
2002 791 2040 820 Η.

1102 833 1129 867 1,
1152 832 1169 859 6
1190 831 1297 866 ingens
1318 830 1404 858 novis
1426 829 1515 857 rebus
1536 829 1672 857 materia.
1694 829 1732 857 H.
1754 831 1781 865 2,
1804 832 1818 857 1
1841 830 1967 858 materia
1980 838 2040 858 ser-

1101 869 1249 897 monibus.
1291 869 1328 897 D.
1351 870 1388 897 37
1409 868 1522 895 uberem
1555 868 1594 896 ad
1622 867 1780 896 dicendum
1811 868 1970 896 materiam.
2003 870 2037 897 31

1101 907 1141 935 ad
1164 907 1280 936 dicend.
1303 912 1370 935 mat.
1393 906 1504 934 oratori
1527 906 1673 934 subiecta.
1714 907 1752 934 H.
1781 907 1808 943 2,
1832 908 1870 936 30
1889 906 2040 935 uberrima

1102 946 1303 974 conviciorum
1325 945 1354 973 in
1370 945 1405 973 V.
1423 954 1462 974 m.
1484 945 1522 972 H.
1547 945 1779 981 1,1uberiorem
1800 945 2041 982 securioremque

1100 985 1266 1013 materiam.
1289 984 1326 1012 H.
1350 987 1375 1021 1,
1397 985 1433 1012 51
1459 983 1499 1010 ad
1520 982 1691 1020 fingendum
1714 983 1956 1021 credendumque
1978 993 2039 1012 ma-

1100 1023 1202 1053 teries.

1159 1063 1314 1092 Mature,
1356 1061 1393 1089 D.
1417 1062 1453 1089 14
1475 1061 1616 1088 maturius
1636 1060 1861 1089 intervenisses.
1893 1061 1929 1089 A.
1950 1062 1978 1098 2,
1998 1062 2035 1090 39

1097 1101 1128 1128 111
1149 1103 1266 1128 mature
1287 1100 1465 1128 subventum
1488 1098 1574 1127 foret.
1596 1100 1632 1127 A.
1653 1101 1681 1136 3,
1703 1100 1750 1128 29.
1781 1099 1926 1128 maturius
1947 1108 2037 1136 quam

1098 1147 1152 1175 per
1171 1139 1255 1175 leges
1281 1141 1474 1175 quaesturam
1507 1140 1633 1174 peteret.
1675 1137 1710 1166 A.
1734 1139 1780 1175 15,
1811 1139 1848 1166 74
1868 1147 1957 1175 quam
1977 1147 2038 1166 ma—

1098 1177 1220 1206 turrime
1242 1187 1271 1214 p.
1291 1186 1322 1213 p.
1342 1180 1513 1213 poneretur.

1158 1217 1255 1244 Matu
1266 1216 1370 1244 ritas.
1411 1216 1448 1243 D.
1470 1217 1507 1244 26
1531 1216 1719 1244 maturitatem
1744 1214 1858 1243 Crassi.
1892 1215 1929 1243 Η.
1952 1217 1978 1243 1.
1999 1216 2035 1243 87

1098 1257 1170 1283 mat.
1193 1254 1282 1283 Galli.

1156 1294 1314 1322 Maturo.
1355 1293 1391 1321 D.
1414 1294 1432 1322 3
1453 1293 1521 1321 libri
1544 1293 1704 1321 editionem
1726 1298 1883 1321 maturare.
1905 1293 1941 1320 A.
1957 1293 1984 1328 6,
2001 1293 2038 1321 36

1098 1331 1200 1368 fugam
1222 1332 1396 1360 maturavit.
1417 1332 1455 1361 Η.
1478 1334 1503 1368 1,
1526 1334 1561 1360 12
1577 1340 1653 1359 m.ea
1675 1340 1723 1359 res
1745 1331 1901 1359 consilium
1913 1331 2040 1360 Galbae.

1157 1370 1314 1399 Medeor.
1356 1370 1392 1398 D.
1413 1372 1448 1399 31
1471 1379 1521 1398 ars
1548 1370 1690 1398 medentis.
1731 1370 1767 1398 A.
1800 1371 1845 1406 12,
1876 1371 1912 1398 61
1944 1372 2038 1398 artem

1098 1409 1247 1437 medendi.
1268 1409 1305 1437 H.
1327 1411 1355 1444 5,
1377 1410 1394 1437 6
1415 1409 1521 1437 111111101·
1542 1409 1571 1436 111
1592 1417 1647 1437 usu
1664 1408 1847 1437 medentium
1867 1410 1922 1436 est.
1943 1408 1980 1436 A.
1993 1411 2039 1445 11,

1099 1449 1115 1476 6
1136 1447 1236 1484 pretia
1256 1447 1446 1476 medentibus
1467 1447 1555 1475 ferat.

1156 1486 1334 1514 Medicus.
1375 1486 1413 1514 D.
1435 1488 1471 1514 41
1494 1494 1696 1522 supervacuus
1712 1501 1741 1505 —
1765 1486 1844 1513 inter
1864 1486 2040 1514 innocentes

1099 1527 1212 1560 orator,
1235 1525 1311 1553 sicut
1332 1525 1410 1553 inter
1430 1533 1521 1553 sanos
1544 1525 1675 1552 meclimcs.
1718 1524 1763 1553 Cf.
1789 1524 1825 1552 A.
1855 1526 1900 1561 11,
1922 1526 1940 1553 6
1960 1533 2040 1553 1111110

1098 1563 1270 1592 inimicitias
1290 1564 1500 1592 accusationes
1521 1563 1590 1591 odia
1612 1566 1641 1591 et
1662 1563 1785 1591 iniurias
1806 1563 1901 1591 foveri
1920 1566 1954 1591 ut
1968 1571 2039 1599 quo-

1098 1601 1186 1630 modo
1209 1603 1254 1630 vis
1275 1602 1445 1630 morborum
1468 1602 1565 1638 pretia
1586 1601 1786 1638 medentibus,
1809 1602 1852 1630 sic
1872 1601 1930 1630 fori
1951 1601 2039 1630 tabes

1098 1641 1254 1676 pecuniam
1276 1640 1434 1669 advocatis
1456 1640 1543 1668 ferat.

1157 1679 1372 1708 Mediocris.
1413 1680 1498 1707 D.10
1511 1679 1661 1706 mediocris
1683 1681 1801 1714 poetas.
1823 1678 1859 1706 A.
1883 1681 1909 1715 3,
1931 1680 1968 1707 52
1983 1687 2039 1707 1100

1098 1718 1300 1746 mediocribus
1322 1717 1462 1746 remediis
1485 1717 1549 1745 sisti
1570 1725 1669 1753 posse.
1711 1717 1759 1753 (A.
1794 1720 1820 1753 1,
1851 1719 1889 1746 29
1910 1717 2038 1745 fortiori-

1100 1757 1155 1785 bus
1176 1756 1338 1792 remediis.)

1156 1795 1374 1824 Meditatus.
1416 1795 1453 1823 D.
1476 1796 1493 1822 6
1516 1794 1680 1822 meditatam
1703 1795 1870 1822 orationem.
1892 1794 1930 1822 H.
1952 1796 1979 1831 4,
2001 1796 2038 1823 68

1100 1843 1136 1862 m.
1160 1834 1304 1862 oratione.
1326 1834 1362 1862 A.
1387 1835 1431 1869 14,
1452 1835 1489 1862 55
1511 1842 1547 1860 111.
1572 1833 1709 1861 orationi.

1157 1872 1303 1901 Melius.
1344 1873 1382 1901 D.
1413 1874 1448 1900 41
1481 1872 1579 1899 melias
1610 1871 1725 1900 fuisset.

1099 1911 1164 1939 suit.
1185 1911 1219 1939 P.
1240 1911 1255 1939 I
1275 1920 1304 1947 p.
1327 1912 1373 1940 43.
1416 1911 1453 1939 D.
1475 1912 1511 1939 37
1533 1910 1635 1938 utilius
1665 1919 1702 1938 ac
1724 1911 1830 1938 melias.

1101 1959 1138 1979 111.
1160 1953 1252 1986 atque
1273 1950 1393 1978 rectius.
1428 1950 1464 1977 A.
1488 1951 1513 1980 1.
1535 1950 1572 1977 43
1593 1958 1629 1977 m.
1654 1952 1684 1977 et
1704 1949 1863 1977 amantius.

1159 1989 1317 2017 Mereor.
1358 1989 1396 2016 D.
1418 1990 1435 2017 9
1456 1987 1674 2024 indulgentiam
1695 1988 1840 2024 principis
1864 1988 1967 2015 mereri
1987 1988 2036 2023 (εῖτ

1102 2028 1212 2062 hulten).
1237 2026 1272 2055 G.
1295 2029 1332 2055 14
1352 2035 1463 2055 vocare
1484 2026 1600 2054 hostem
1622 2029 1652 2054 et
1672 2027 1797 2054 vulnera
1818 2035 1856 2054 m.
1894 2026 1931 2054 H.
1953 2028 1980 2062 2,
2002 2027 2038 2054 37

1100 2067 1227 2101 gloriam
1249 2065 1493 2103 expeditionibus
1514 2065 1679 2094 meruisset.
1701 2065 1758 2101 Ag.
1780 2067 1799 2093 4
1818 2064 1981 2095 virtutibus
2001 2080 2038 2084 —

1101 2106 1175 2133 iram
1199 2104 1339 2133 Caesaris
1359 2104 1492 2132 meritus.

1159 2144 1255 2172 Metu
1266 2152 1288 2171 s.
1325 2143 1362 2171 D.
1374 2145 1391 2171 5
1404 2148 1504 2171 metum
1518 2148 1545 2171 et
1555 2148 1703 2170 terrorem.
1725 2142 1782 2179 Ag.
1796 2143 1832 2171 32
1843 2151 1881 2171 m.
1894 2144 1923 2169 et
1932 2144 2037 2170 terror.

1158 2182 1293 2211 Minax.
1342 2182 1380 2209 D.
1411 2183 1428 2210 5
1459 2180 1657 2218 (eloquentia)
1688 2181 1842 2209 accinctus
1878 2182 1907 2208 et
1936 2181 2037 2208 minam

1099 2219 1234 2259 (Eprius)
1255 2221 1416 2248 Marcellus
1436 2220 1566 2247 Helvidii
1585 2219 1757 2256 sapientiam
1779 2219 1876 2248 elusit.
1907 2219 1945 2247 H.
1969 2220 1997 2255 4,
2019 2220 2036 2247 6

1099 2260 1200 2287 minax
1220 2261 1371 2288 certamen
1385 2261 1415 2286 et
1435 2258 1566 2295 egregiis
1584 2258 1738 2294 utriusque
1758 2256 1905 2294 (Marcelli
1920 2259 1950 2285 et
1966 2257 2036 2285 Hel-

1099 2297 1184 2334 vidii)
1196 2297 1382 2326 orationibus
1392 2299 1544 2326 testatum.
1566 2296 1602 2325 A.
1626 2298 1670 2331 16,
1692 2299 1731 2326 29
1746 2297 1907 2325 Marcellus
1921 2299 1954 2324 ut
1972 2299 2038 2325 erat

1098 2339 1202 2365 torvus
1223 2345 1259 2365 ac
1279 2336 1380 2364 minax
1401 2344 1476 2364 voce
1495 2336 1579 2364 voltu
1601 2336 1695 2364 oculis
1715 2335 1897 2364 ardesceret.
1938 2335 1976 2362 H.
2008 2336 2036 2371 4,

1098 2378 1116 2404 3
1137 2376 1229 2404 Marc.
1250 2374 1418 2403 minacibus
1438 2375 1542 2403 oculis.
1581 2374 1617 2402 A.
1640 2376 1685 2410 16,
1707 2375 1744 2402 22
1765 2375 1804 2402 Μ.
1826 2373 1952 2410 Eprium
1973 2373 2036 2402 acri

1098 2413 1278 2450 eloquentia.
1319 2414 1356 2442 H.
1378 2415 1406 2449 4,
1427 2414 1444 2441 5
1466 2413 1624 2441 Helvidius
1646 2429 1682 2432 —
1705 2412 1843 2441 doctores
1865 2412 2035 2449 sapientiae

1098 2455 1218 2481 secutus
1237 2455 1284 2481 est
1305 2452 1356 2489 qui
1377 2452 1441 2480 sola
1462 2451 1542 2480 bona
1563 2460 1640 2488 quae
1659 2451 1796 2487 honesta,
1817 2451 1898 2479 mala
1918 2453 2035 2479 tantum

1097 2499 1176 2528 quae
1204 2491 1314 2527 turpia,
1342 2490 1508 2527 potentiam
1538 2490 1725 2518 nobilitatem
1757 2492 1918 2526 ceteraque
1950 2491 2035 2517 extra

1097 2530 1227 2557 animum
1248 2537 1346 2565 neque
1367 2528 1453 2557 bonis
1475 2536 1572 2564 neque
1593 2528 1680 2556 malis
1701 2528 1907 2556 adnumerent-

1155 2567 1406 2596 Miuisterium.
1448 2567 1485 2594 D.
1508 2568 1545 2595 29
1566 2575 1603 2594 ex
1625 2567 1720 2595 servis
1740 2583 1779 2587 —
1799 2567 1877 2596 serio
1898 2583 1935 2586 —
1958 2565 2034 2593 nzini-

1804 2613 1820 2640 3

1767 1872 1803 1899 A.
1827 1874 1853 1907 1,
1875 1873 1912 1900 53
1933 1872 2040 1900 melius

1871 1911 1907 1938 A.
1931 1912 1978 1947 14,
1999 1911 2037 1939 43
