2238 2735
202 351 223 375 1.

946 188 1096 228 &eluxi
1122 189 1301 230 PROPRIA.

241 269 269 293 Ι.
304 267 444 294 Genus
464 274 610 329 nonne:-
632 266 863 299 cognomini
884 273 1031 300 propo-

555 311 573 328 s
592 307 690 329 111111-

255 348 331 375 luste
355 347 438 374 Fabi.
482 348 518 374 '2⁰
540 347 697 383 Turpionis
719 347 856 375 Ambivii.

253 386 313 414 eie.
336 385 418 414 Lael.
441 385 486 414 ed.
510 386 635 421 Seyffert
655 387 722 413 260.

900 348 959 377 (¹t'r.
982 349 1015 377 B.
1039 350 1102 377 117.

230 468 282 492 n.
304 467 455 492 Xonwn
476 465 688 526 propt-1:11·-
712 472 786 498 pro
806 465 1049 499 pronon-lue

536 508 609 534 pos
628 504 727 526 uun.

197 543 222 566 Ἴ.
253 541 349 575 Leges
371 540 475 576 (inquit
497 540 658 575 Maternus)
690 540 760 576 quid
790 540 940 568 Maternus
968 539 1025 568 sibi
1056 540 1103 569 de-

175 1291 220 1317 331.

174 1369 195 1394 2⁴
205 1371 218 1393 l.

174 1406 218 1431 33⁴³.

172 1964 187 1971 η

174 2138 216 2164 14.

176 2215 216 2241 lli.

172 1945 194 1966 ⁴⁴
202 1948 217 1970 ›.

172 2022 217 2048 ⁰2⁷⁸.

254 580 347 607 buerit
371 595 407 598 —-
429 579 561 606 formavi.

253 618 288 645 ll.
312 619 338 648 2,
361 619 393 644 21
418 626 454 644 m.
493 626 687 653 praegravem
721 626 752 645 se
784 617 894 645 Neroni
925 617 1014 645 fuisse
1050 617 1103 653 (ait

291 655 380 684 Otho·
402 671 440 675 —-
462 656 555 683 oeeidi
578 655 724 684 Othonem
746 664 842 691 posse.

253 695 288 722 ΙΙ.
311 696 338 724 2,
360 695 395 722 47
418 703 453 722 ue
476 695 541 730 plus
563 702 651 730 quam
672 694 761 722 semel
783 698 926 722 certemus
947 702 1037 729 penes
1058 703 1103 722 me

290 733 454 769 exemplum
476 733 543 761 erit:
571 733 637 761 hine
664 732 807 761 Othonem
837 733 995 769 posteritas
1017 733 1103 761 aesti<

290 775 358 800 met.

252 810 288 837 Il.
311 812 337 845 2,
361 811 395 837 Π
417 818 615 838 muneremur:
638 818 674 838 ne
695 809 861 838 Mucianum
883 810 913 846 (i.
932 820 956 838 c.
979 812 1036 845 me)
1059 818 1103 838 so-

254 849 330 876 vium
352 848 508 884 spreveris.

1157 424 1202 450 21.

1234 268 1268 297 Λ.
1294 271 1318 304 1,
1340 270 1376 297 59
1398 269 1417 297 f.
1450 269 1504 297 sibi
1526 285 1572 297 —.
1603 278 1633 298 se
1656 285 1701 298 —.
1742 270 1903 299 Arminium
1929 272 2026 308 potius
2050 287 2083 292 —·

1274 316 1361 344 quam
1383 308 1534 344 Segestem
1556 325 1591 329 --
1613 312 1814 345 sequerentur.

1341 386 1417 410 111.
1439 385 1619 411 Plu-mus
1639 391 1747 411 nonu.
1769 392 1906 418 propt·-

1234 422 1358 451 Videtur
1379 423 1454 451 inter
1475 424 1625 452 Menenios
1654 427 1683 452 et
1705 425 1818 460 Appios
1849 425 2006 453 studuisse.
2048 426 2083 454 :1¹3⁶

1233 461 1374 490 Lentulos
1397 465 1424 490 et
1446 462 1580 490 Metellos
1602 466 1631 491 et
1651 462 1790 491 Lucullos
1813 466 1841 491 et
1864 463 2015 492 Curiones.

1234 500 1320 566 113151,
1342 502 1359 528 8
1381 509 1417 528 m.
1440 500 1601 529 Catonibus
1623 504 1652 530 et
1673 499 1780 553 Brutr'js
1811 505 1990 538 aequaretur
2018 502 2084 531 Hel-

1234 547 1276 566 Yl(
1288 546 1341 566 ills.

1234 577 1269 604 Α.
1294 578 1338 612 16,
1360 578 1395 605 22
1427 577 1484 605 ista
1515 579 1595 605 secta
1627 578 1800 607 Tuberones
1826 580 1854 607 et
1876 578 2026 608 Favonios
2048 595 2084 600 —

1235 615 1353 651 geuuit3
1385 615 1495 643 frustra
1524 616 1657 644 Cassium
1685 617 1829 653 amovisti,
1855 617 1879 645 si
1905 618 2029 654 gliscere
2057 621 2086 647 et

1235 654 1336 690 vigere
1358 654 1514 682 Brutorum
1536 655 1666 683 aemulos
1688 664 1827 691 passurus
1850 664 1891 684 es.

1235 693 1271 720 1-1.
1296 694 1321 728 1,
1343 694 1379 720 37
1401 693 1539 728 Polycliti
1561 695 1590 721 et
1610 693 1718 721 Vatinii
1741 696 1770 722 et
1791 694 1906 730 Aegiali
1927 695 2085 731 perierunt.

1235 731 1272 759 H.
1295 732 1321 770 2,
1344 732 1379 759 95
1412 731 1573 767 Polyclitos
1603 735 1632 760 et
1659 732 1815 761 Patrobios
1843 736 1872 761 et
1899 736 2002 762 vetera
2029 734 2085 769 (ce-

1234 770 1331 805 torar)
1354 770 1486 798 odiorum
1507 770 1625 798 nomina
1646 771 1806 806 aequabat.

1274 808 1334 836 Cfr.
1356 808 1551 836 Ruddimann.
1574 809 1644 837 Inst.
1668 809 1713 837 ed.
1737 809 1839 837 Stallb.
1855 811 1881 845 1,
1896 811 1959 839 139.
1982 811 2085 839 Ranis-

1273 846 1356 875 horn.
1383 846 1411 883 ξ.
1434 848 1498 883 203,
1520 848 1626 883 petie.
1648 847 1776 884 Kriigeri
1798 847 1895 877 Gram.
1918 849 1952 877 L.
1974 858 2002 886 p.
2016 850 2082 877 535.

438 966 491 1016 A
500 965 964 1017 MPLIFICA
981 965 1083 1016 TI
1084 965 1139 1016 O
1187 965 1536 1017 MEMBR
1546 965 1666 1018 ΟΒ
1678 965 1821 1017 UM.

947 1054 1006 1082 Cfr.
1028 1055 1124 1091 Naeg.
1145 1064 1173 1091 p.
1195 1056 1252 1083 492
1273 1063 1317 1091 sq.

883 1134 917 1173 A.
957 1134 1098 1175 ORATIO
1133 1135 1366 1175 BlllEllBRlS.

252 1213 364 1240 Numen
387 1216 415 1240 et
437 1213 573 1241 caelestis
595 1213 647 1240 vis.
675 1214 692 1241 5
714 1215 874 1249 paupertas
897 1215 924 1241 et
947 1213 1102 1249 angustiae

252 1258 356 1279 rerum.

251 1298 344 1325 neque
367 1289 529 1325 sapientem
552 1305 587 1308 —
610 1298 705 1325 neque
732 1290 895 1318 Stoicorum
927 1290 1020 1318 civem
1051 1290 1101 1318 ali-

251 1336 336 1363 quem
359 1336 406 1356 ‹ex
428 1328 502 1356 coni.
525 1328 656 1356 Haaseii.

249 1365 369 1394 iuvenes
391 1369 419 1394 et
441 1367 468 1394 in
490 1367 553 1402 ipso
576 1366 738 1394 studiorum
760 1366 865 1394 incude
888 1366 984 1402 positi.

250 1414 349 1433 euram
372 1408 400 1433 et
422 1405 571 1441 diligentis
594 1405 653 1432 stili
675 1405 863 1433 anxietatem.

249 1444 306 1478 Ag.
329 1446 345 1469 εἰ
367 1443 452 1471 ludos
474 1448 502 1471 et
524 1443 624 1470 inania
646 1443 774 1471 honoris.

248 1482 304 1517 Ag.
331 1485 364 1510 le*
396 1491 448 1518 per
470 1482 694 1509 ostentationem
717 1484 746 1509 et
767 1480 929 1509 officiorum
951 1481 1100 1509 ambitum.

250 1520 305 1555 Ag.
328 1522 364 1548 43
386 1520 492 1556 vulgus
514 1528 631 1556 quoque
649 1523 677 1548 et
698 1519 744 1548 hie
767 1520 847 1547 aliud
861 1529 952 1555 agens
963 1521 1100 1556 populus.

250 1559 306 1594 Ag.
329 1561 365 1585 :53
388 1559 505 1595 agmina
527 1562 555 1586 et
578 1567 725 1586 armorum
747 1558 887 1594 fulgores.

250 1599 305 1633 Ag.
328 1599 363 1625 44
386 1606 438 1633 per
459 1597 615 1625 intervalla
637 1605 671 1625 ac
694 1597 873 1633 spiramenta
893 1600 1065 1633 temporum.

249 1638 284 1663 G.
308 1639 342 1664 113
364 1637 507 1672 picturam
529 1639 558 1664 ct
579 1636 756 1663 lineamenta
777 1635 918 1663 colorum.

252 1674 286 1702 G.
310 1677 345 1702 24
369 1675 443 1703 inter
464 1674 580 1710 gladios
603 1683 634 1702 se
656 1677 746 1710 atque
768 1673 891 1702 infestas
913 1674 1048 1702 frameas.

250 1713 283 1740 (j.
307 1715 342 1741 29
364 1713 456 1741 honos
480 1718 507 1741 et
530 1713 669 1749 antiquae
692 1712 842 1741 societatis
864 1713 988 1749 insigne.

249 1751 283 1779 G.
307 1755 342 1779 >13
364 1752 383 1780 f.
407 1752 560 1780 formidine
583 1755 611 1779 et
633 1751 737 1779 umbra
759 1750 858 1779 feralis
881 1752 1037 1780 exereitus.

249 1792 283 1817 fi.
306 1793 342 1818 43
364 1791 443 1818 nulla
466 1791 631 1826 simulacra,
659 1790 740 1817 nulla
767 1790 941 1826 peregrinae
963 1790 1100 1826 supersti-

287 1830 375 1857 tionis
397 1828 533 1864 vestigia.

249 1867 284 1894 H.
307 1869 324 1895 4
346 1869 382 1895 32
404 1877 440 1895 111.
469 1867 591 1895 Treveri
620 1868 796 1902 ceteraeque
828 1867 1016 1895 servientium
1042 1867 1100 1895 ani<

292 1915 365 1934 mae.

249 1945 352 1980 vulgus
375 1952 492 1981 quoque
520 1943 723 1972 adsistentium
753 1946 781 1972 et
803 1943 935 1972 adfluens
957 1946 986 1972 et
1006 1953 1101 1980 vagus

249 1982 375 2011 auditor.

249 2020 428 2049 histrifflialis
438 2021 522 2049 favor
533 2024 561 2048 et
573 2021 770 2056 gladiatorum
782 2029 981 2057 equorumque
994 2021 1099 2049 studia.

250 2063 293 2087 tot
321 2060 480 2088 amicorum
507 2068 624 2095 causae,
650 2062 694 2088 tot
720 2060 813 2088 milon.
838 2062 865 2087 et
887 2060 991 2088 munic.
1014 2061 1100 2089 elicu-

248 2098 335 2126 telae.

248 2142 393 2165 secretum
421 2136 574 2165 eonsilium
599 2139 628 2165 et
653 2145 760 2165 causae
788 2136 910 2165 alieuius
937 2137 1099 2177 meditatio—

251 2184 325 2203 nem.

249 2213 287 2242 ad
321 2219 454 2242 naturam
487 2214 670 2242 saeculorum
710 2223 742 2242 ae
774 2218 939 2250 respectum
971 2214 1101 2242 immensi

249 2251 334 2280 huius
356 2252 431 2280 aevi.

233 2289 304 2327 Ag.
326 2293 343 2319 ἴ)
374 2299 485 2319 sumnia
517 2299 612 2319 rerum
644 2294 671 2319 ct
707 2295 896 2327 recuperatae
931 2291 1099 2327 provinciae

288 2330 392 2365 gloria.

251 2369 304 2400 Ag.
328 2370 363 2395 2⁴.)
386 2367 478 2395 omnis
499 2367 635 2396 iuventus
657 2373 686 2396 et
707 2368 813 2404 quibus
836 2369 926 2396 cruda
949 2377 981 2396 ae
998 2367 1099 2396 viridis

287 2410 431 2434 senectus.

252 2445 305 2480 Ag.
328 2446 363 2473 45
386 2445 536 2473 obsessam
558 2445 667 2473 curiam
690 2448 718 2474 ct
746 2445 876 2473 clausum
904 2445 992 2473 armis
1018 2453 1099 2473 seua-

288 2487 357 2511 tum.

253 2521 335 2587 Η.Ι1.
358 2523 393 2564 21
414 2523 551 2551 memoria
574 2522 700 2551 Neronis
732 2531 765 2551 ae
798 2522 973 2551 desiderium
995 2522 1099 2558 prioris

306 2565 438 2588 ieentiae.

1236 1214 1271 1241 H.
1295 1215 1321 1248 3,
1346 1214 1382 1242 68
1412 1213 1576 1242 Romanum
1598 1213 1759 1249 principem
1782 1216 1810 1242 et
1830 1212 1947 1250 generis
1969 1210 2085 1241 humani

1275 1252 1363 1288 paulo
1386 1254 1453 1280 aute
1476 1252 1631 1279 dominum.

1233 1290 1269 1319 A.
1292 1292 1319 1326 3,
1341 1292 1377 1319 59
1400 1291 1584 1318 insolentiam
1606 1291 1769 1319 sentcntiae
1792 1297 1956 1327 aureasque
1971 1290 2086 1318 litteras

1274 1332 1376 1357 eontra
1397 1329 1522 1365 patrium
1543 1337 1662 1357 morem.

1235 1368 1270 1397 G.
1294 1370 1307 1395 1
1338 1368 1414 1395 latos
1435 1367 1515 1395 sinus
1537 1370 1566 1395 et
1587 1367 1746 1395 insularum
1767 1367 1907 1395 immensa
1928 1367 2034 1403 spatia.

1235 1406 1450 1441 percontationi
1465 1408 1532 1433 tuae
1547 1405 1726 1441 respondere
1744 1407 1841 1434 ettam
1855 1414 1982 1441 magnae
1997 1412 2086 1441 quae-

1233 1444 1336 1472 stionis
1357 1444 1471 1480 pondus
1494 1444 1639 1479 excipere.

1233 1483 1327 1518 magis
1349 1482 1516 1518 profecerat
1528 1490 1640 1518 usuque
1658 1484 1686 1510 et
1701 1481 1909 1518 experimentis
1929 1480 2083 1510 didicerat.

1233 1522 1289 1557 Ag.
1314 1521 1348 1548 18
1370 1520 1497 1556 probare
1519 1521 1682 1556 exemplum
1708 1529 1743 1548 ae
1764 1520 1890 1549 recentis
1912 1520 2003 1556 legati
2025 1520 2085 1547 ani-

1274 1568 1350 1587 mum
1373 1568 1510 1595 opperiri.

1234 1598 1327 1639 Aqfls
1350 1597 1369 1625 f.
1392 1606 1444 1633 per
1466 1597 1640 1625 commercia.
1660 1597 1845 1626 venundatos
1867 1597 1940 1625 etin
1955 1599 2085 1625 nostram

1261 1637 1365 1672 'usque
1387 1636 1479 1672 ripam
1500 1636 1662 1664 mutatione
1684 1636 1839 1664 ementium
1861 1635 2015 1664 adductos.

1234 1676 1263 1703 in
1285 1675 1335 1702 illa
1357 1677 1439 1703 casta
1462 1676 1490 1703 et
1510 1674 1596 1702 nullis
1619 1677 1756 1703 contacta
1777 1675 1855 1702 vitiis
1876 1676 2007 1710 pectora.

1233 1715 1348 1749 integra
1370 1716 1398 1742 et
1418 1713 1505 1741 nullis
1526 1713 1723 1749 pravitatibus
1744 1728 1778 1733 -—
1802 1713 1919 1741 detorta
1939 1714 2053 1740 natura.

1233 1753 1290 1788 Ag.
1314 1754 1348 1780 10
1370 1752 1508 1780 innocens
1530 1752 1562 1779 B.
1586 1754 1614 1779 et
1635 1752 1722 1780 nullis
1745 1752 1859 1780 delictis
1880 1750 2000 1779 invisus.

1234 1791 1258 1819 A
1280 1791 1328 1818 .1‹3
1350 1790 1468 1825 segnior
1489 1792 1517 1818 et
1538 1790 1625 1818 nullis
1647 1793 1809 1818 castrorum
1831 1787 2046 1826 experimentis.

1235 1829 1270 1858 G.
1293 1830 1330 1856 10
1351 1829 1467 1857 candidi
1491 1831 1520 1857 et
1540 1829 1619 1857 nullo
1641 1829 1756 1857 mortali
1779 1837 1868 1864 opere
1889 1826 2026 1856 contacti.

1234 1868 1269 1896 G.
1292 1869 1328 1895 28
1350 1867 1531 1904 promiscuas
1562 1867 1657 1896 adhuc
1688 1870 1717 1895 et
1747 1867 1827 1895 nulla
1857 1874 2014 1903 regnorum
2035 1873 2083 1900 po-

1273 1907 1366 1935 tentia
1388 1905 1506 1934 divisas.

1234 1945 1270 1973 11.
1292 1946 1319 1980 4,
1341 1945 1377 1972 42
1399 1953 1436 1972 m.
1460 1945 1591 1980 ignotum
1613 1943 1709 1973 adhuc
1731 1943 1879 1980 ingenium
1895 1945 1923 1971 et
1938 1941 2024 1970 nullis
2036 1940 2083 1969 de-

1273 1983 1453 2011 fensionibus
1475 1986 1636 2019 expertum.

1234 2022 1269 2050 II.
1293 2025 1318 2057 1,
1341 2023 1376 2049 :32
1398 2022 1473 2049 forte
1496 2022 1590 2057 magis
1612 2024 1640 2049 et
1661 2021 1740 2049 nullo
1763 2020 1858 2049 adhuc
1880 2018 2010 2048 consilio.

1233 2061 1267 2089 A.
1291 2063 1317 2095 2,
1340 2062 1375 2089 25
1397 2060 1416 2088 f.
1439 2060 1563 2088 invictos
1590 2062 1619 2089 et
1640 2060 1726 2088 nullis
1758 2059 1875 2088 casibus
1900 2056 2083 2093 superabiles

1272 2100 1429 2128 Romanos.

1232 2139 1267 2166 A.
1290 2141 1316 2174 3,
1338 2138 1373 2165 37
1396 2137 1475 2165 solus
1498 2139 1526 2165 et
1547 2137 1634 2165 nullis
1655 2136 1856 2173 voluptatibus
1878 2136 2046 2177 avocatus..
2064 2171 2081 2176 ..

1234 2177 1267 2204 A.
1290 2179 1317 2212 4,
1341 2178 1372 2203 11
1397 2176 1552 2203 adversum
1574 2176 1689 2204 unicum
1711 2178 1740 2203 ct
1761 2174 1867 2202 nullius
1889 2175 1957 2201 ante
1978 2172 2082 2207 flagitii

1272 2216 1464 2250 compertum.

1232 2254 1268 2282 A.
1292 2255 1337 2288 15,
1358 2254 1395 2280 43
1417 2252 1436 2280 f.
1467 2252 1599 2288 patulam
1620 2252 1802 2281 latitudinem
1828 2253 1858 2279 et
1879 2250 1959 2278 nulla
1980 2249 2082 2277 umbra

1273 2291 1434 2320 defensam.

1232 2331 1267 2359 A.
1290 2332 1335 2360 13,
1357 2329 1393 2356 47
1415 2329 1434 2356 f.
1458 2329 1599 2365 despecta
1621 2331 1650 2357 et
1670 2328 1778 2357 nullius
1800 2326 1862 2354 ausi
1885 2334 1989 2362 capax.
2050 2365 2054 2366 ⁷

1232 2369 1288 2405 Ag.
1310 2369 1347 2396 40
1376 2367 1458 2395 brevi
1481 2367 1580 2396 osculo
1606 2370 1634 2395 et
1654 2367 1733 2394 nullo
1755 2373 1896 2394 sermone.
1939 2364 1975 2392 H.
1997 2365 2024 2400 2,
2045 2364 2082 2391 32

1270 2407 1400 2435 clausam
1421 2406 1545 2442 Alpibus
1567 2408 1596 2434 et
1617 2405 1695 2433 nullo
1716 2404 1804 2432 maris
1826 2403 1966 2431 subsidio.

1231 2446 1266 2474 Α.
1288 2447 1315 2481 4,
1340 2447 1371 2473 11
1404 2452 1457 2472 sua
1483 2453 1570 2472 manu
1600 2446 1628 2472 et
1648 2443 1728 2471 nullo
1750 2442 1788 2471 ad
1809 2441 2017 2478 paenitendum
2039 2448 2081 2468 19-

1272 2492 1384 2520 gressu.

1176 2533 1200 2551 ’.
1232 2522 1403 2551 circumcisa
1433 2524 1461 2549 ct
1491 2522 1650 2556 amputata,
1681 2520 1742 2549 sine
1764 2521 1919 2556 apparatu,
1950 2518 2011 2546 siue
2032 2516 2080 2543 110-

1232 2570 1312 2595 nore,
1335 2569 1362 2596 p.
1386 2560 1413 2588 d.
1437 2559 1497 2587 sine
1519 2559 1710 2594 ingenuitate.
