2238 2735
113 539 159 566 40.

113 578 129 604 2
134 578 160 604 6.

113 616 129 634 -)
133 616 149 633 ·)

113 636 159 643 ...ι-

111 965 157 991 31.

111 1004 157 1030 311.

113 1738 157 1765 11.

115 2201 130 2228 Νι

134 2201 161 2228 [Ο
134 2162 160 2189 ς’(

193 152 230 180 A.
255 152 299 188 16,
323 152 359 180 26
381 152 585 187 intemeratus,
608 149 788 186 impollutus.
830 149 866 177 A.
889 150 916 185 2,
946 148 984 178 38
1009 149 1050 177 111-

232 190 411 226 tempestiva
434 190 553 227 quidem
575 192 603 217 01
625 189 796 225 improvisa.

193 229 230 257 H.
251 231 280 265 4,
301 230 338 257 2-1
359 229 509 257 invalidus
531 237 567 264 c.,
588 227 701 255 invisus
722 226 875 255 militibus.

194 267 232 296 H.
257 270 282 303 1,
305 269 341 296 35
362 267 382 295 f.
413 266 579 304 intrepidus
598 283 636 286 —
658 265 862 302 inconruptus.
903 265 941 293 H.
963 265 991 301 3,
1013 265 1051 293 34

232 306 357 342 intacta,
378 323 417 326 —
438 305 551 333 infelix.

193 345 230 373 H.
254 348 280 382 1,
304 347 338 373 11
360 345 484 373 insciam
505 359 552 379 —,
574 343 709 379 ignaram
730 359 777 371 —.
799 343 836 371 H.
858 344 886 379 3,
908 343 945 372 59
967 341 1048 379 igna-

231 392 280 412 rus
302 399 338 403 —
360 382 553 419 improvidus.

192 422 229 450 H.
251 424 279 458 4,
302 424 338 451 32
361 422 510 458 ingratam
531 429 580 456 m.‚
603 420 784 449 immortalia
806 423 843 449 tr.

190 537 345 566 Licentiae
366 554 403 557 —
424 537 605 565 libertatem.

191 576 315 605 lascivia
337 576 420 604 verb.
443 579 472 604 et
493 576 616 604 levitate
639 579 715 605 sent.
747 578 776 604 et
806 574 929 603 licentia
951 582 1047 611 comp.

190 615 370 651 locupletem
395 623 431 643 ac
452 615 575 643 lautum.
616 616 652 643 22
674 615 772 643 10111113
793 630 830 634 -
851 614 969 649 longus.

190 653 276 689 Η.,2,
300 655 336 681 10
357 653 434 681 iuter
455 653 625 682 libertatem
648 657 676 682 et
698 653 859 682 licentiam.
900 652 938 681 H.
962 653 988 688 1,
1011 652 1047 680 12

229 692 350 720 licentia
371 701 407 720 ac
429 692 553 720 libidine
574 692 646 720 talia
669 692 820 729 loquendi.

191 730 226 759 G.
248 732 285 759 27
306 731 438 759 lamenta
461 734 490 759 et
510 731 660 759 lacrimas.
686 732 724 760 H.
746 733 774 768 2,
795 731 833 759 49
854 729 874 758 f.
897 737 963 758 cum
984 729 1045 757 lau-

229 769 318 798 dibus
340 773 369 797 et
390 769 531 798 lacrimis.

189 808 225 836 A.
247 810 274 844 3,
297 810 334 837 59
356 808 445 836 litora
467 817 502 836 ae
524 808 617 836 lacus.

190 849 226 875 A.
251 848 295 883 15,
319 848 356 875 64
377 846 397 875 f.
426 847 522 875 libare
544 855 576 875 se
598 847 745 884 liquorem
766 847 848 876 illum
879 845 944 874 Iovi
974 844 1046 873 libe-

230 885 333 914 ratori.

551 924 603 950 Μ.

188 962 395 991 Misericordia
416 965 508 999 atque
529 972 578 1000 qu.
600 963 690 992 animi
711 963 852 991 motibus.

188 1001 307 1030 flamma
329 1001 454 1030 materia
476 1002 567 1030 alitur
588 1004 617 1030 et
638 1001 768 1030 motibus
791 1001 950 1029 excitatur.

188 1040 245 1077 Ag.
268 1042 304 1069 36
334 1040 374 1068 ad
402 1049 558 1069 mucrones
579 1044 609 1069 et
630 1049 744 1069 manus.
787 1040 822 1069 G.
845 1041 881 1068 37
912 1038 1046 1067 metiaris

227 1080 334 1107 molem
360 1087 535 1115 manusque.
569 1080 606 1108 H.
628 1081 656 1116 4,
678 1080 715 1108 28
744 1078 899 1107 machinas
928 1077 1045 1105 molem*

227 1126 284 1154 que
315 1127 362 1154 op.

189 1155 224 1185 G.
249 1159 264 1184 1
294 1159 396 1185 mutuo
417 1158 498 1184 metu
518 1159 571 1185 aut
591 1156 752 1186 montibus.
793 1156 831 1185 H.
855 1157 881 1191 1,
903 1156 940 1184 25
966 1156 1048 1182 1110111

226 1195 387 1223 mutandae
408 1195 541 1224 militiae.

190 1233 226 1261 A.
250 1234 295 1270 15,
317 1235 353 1262 42
384 1233 537 1270 magistris
559 1236 587 1262 et
608 1233 874 1262 machinatoribus.
915 1232 951 1261 A.
968 1233 995 1268 2,
1011 1232 1047 1260 32

226 1272 446 1301 mathematicis
468 1273 634 1310 magisque.
656 1272 692 1301 A.
714 1274 741 1309 3,
763 1273 800 1301 56
822 1271 987 1301 modestiae
1009 1270 1046 1298 N.

226 1313 256 1339 et
277 1320 300 1339 s.
322 1312 531 1347 magnitudini.

188 1349 246 1385 Ag.
269 1351 306 1378 23
327 1358 468 1386 magnum
482 1359 517 1378 ac
533 1349 766 1378 memorandum.
788 1349 825 1377 H.
841 1349 869 1384 2,
880 1349 917 1377 95
938 1356 1048 1383 magna

229 1396 265 1415 ac
286 1388 396 1416 misera
419 1388 536 1416 civitas.

188 1426 226 1454 H.
248 1428 275 1463 2,
297 1428 334 1455 49
356 1427 504 1455 modicum
526 1430 556 1455 et
576 1434 757 1455 mansurum.

190 1465 228 1493 H.
250 1466 277 1500 3,
299 1466 337 1494 40
366 1466 459 1493 multo
487 1474 523 1493 ae
543 1465 625 1493 molli
645 1465 774 1501 agmine.
815 1463 850 1491 A.
874 1465 900 1500 1,
922 1463 960 1491 40
985 1471 1045 1491 mu-

228 1503 321 1532 liebre
343 1506 372 1532 et
393 1504 564 1532 miserabile
585 1512 704 1540 agmen.

188 1542 225 1570 A.
250 1544 294 1579 12,
316 1544 353 1571 33
374 1543 467 1571 multa
490 1546 519 1571 et
539 1542 710 1579 magnifica.

188 1581 225 1609 H.
247 1582 274 1617 4,
296 1582 333 1610 38
354 1584 468 1610 maesta
490 1584 520 1610 et
540 1581 698 1618 multiplici
726 1583 808 1609 metu
837 1587 918 1616 susp.
960 1579 996 1608 A.
1019 1580 1046 1614 6,

227 1620 265 1648 40
285 1622 402 1648 maesta.
423 1622 453 1649 et
473 1620 654 1649 miseranda.

189 1736 222 1764 Iu
244 1735 330 1764 nobis
351 1736 476 1765 notitiae
497 1746 533 1765 ae
554 1735 691 1765 nominis.
722 1737 758 1765 36
779 1735 847 1771 plus
868 1734 995 1763 notitiae
1013 1743 1049 1763 ac

189 1775 317 1803 nominis
346 1775 426 1811 apud
455 1776 574 1812 plebem
602 1775 743 1812 parabat.
783 1775 821 1803 34
842 1776 933 1802 uotae
953 1774 1047 1810 leges,

189 1822 248 1842 non
269 1814 340 1841 novi
361 1814 470 1842 vultus.

191 1852 227 1881 G.
250 1854 287 1881 38
316 1852 488 1881 nationibus
516 1852 747 1890 nominibusque
769 1851 858 1881 discr.
901 1851 939 1880 H.
960 1852 988 1888 2,
1010 1852 1047 1880 48

228 1891 356 1919 nominis
376 1907 414 1911 -—
434 1891 611 1920 nobilitatis.

189 1930 226 1958 A.
248 1931 275 1966 3,
297 1931 334 1958 53
356 1929 376 1957 f.
398 1928 576 1958 familiarum
597 1938 751 1958 numerum
773 1931 803 1958 et
824 1928 971 1958 nationes.
1011 1929 1046 1957 A.

228 1969 256 2004 5,
278 1969 297 1997 4
318 1968 337 1996 f.
359 1967 518 1997 adversum
539 1971 679 2005 nepotem
700 1971 730 1997 et
750 1976 866 1996 nurum.

191 2007 227 2035 A.
250 2009 276 2043 1,
300 2008 335 2035 17
357 2007 414 2035 11131
435 2016 544 2035 novum
566 2010 594 2035 et
615 2010 780 2035 nutantem.

191 2046 226 2073 A.
248 2047 276 2082 4,
300 2047 334 2074 17
357 2045 382 2074 si
402 2046 484 2074 nulla
506 2048 535 2074 et
555 2045 606 2074 ubi
627 2045 718 2074 nimia
740 2048 794 2074 est.

190 2162 258 2190 Non
280 2162 413 2199 orbitati,
434 2170 494 2190 non
516 2161 606 2190 officii
626 2178 664 2181 —
685 2160 765 2189 adm.

191 2200 366 2229 oblitterata
388 2204 417 2229 et
439 2200 560 2228 olentia.
600 2201 637 2228 29
659 2201 823 2236 occupatus
845 2202 875 2227 et
897 2199 1048 2228 obsessus.

194 2238 229 2268 G.
251 2240 288 2267 33
310 2239 505 2268 oblectationi
526 2238 689 2275 oculisque.
710 2238 746 2266 A.
770 2239 815 2274 16,
840 2239 875 2267 18
897 2238 1003 2267 officiis
1019 2241 1049 2267 et

231 2277 460 2306 oblectamentis
481 2278 572 2306 vitae.

193 2315 230 2343 ΙΙ.
252 2317 279 2352 3,
302 2318 337 2345 71
367 2320 590 2353 oppugnatores
611 2331 648 2335 —-
669 2323 708 2342 an
729 2314 856 2343 obsessi.
898 2315 936 2343 H.
961 2317 989 2352 4,
1011 2317 1047 2344 22

233 2354 495 2392 obstupefecerant
526 2355 677 2390 obsessos,
708 2355 738 2382 ct
767 2361 850 2390 spem
875 2362 1049 2391 oppugnan-

229 2392 311 2421 tium.

193 2430 229 2458 A.
253 2433 298 2468 13,
321 2433 356 2461 19
378 2432 485 2469 opibus
506 2434 535 2460 et
557 2431 695 2460 orbitate.

194 2469 232 2497 H.
254 2471 281 2505 3,
304 2472 340 2499 85
362 2472 477 2507 erigere
499 2479 532 2499 os
554 2473 583 2499 et
605 2471 711 2498 offerre
733 2468 929 2498 contumeliis.

193 2508 229 2536 A.
254 2510 278 2544 1,
300 2510 337 2537 41
358 2508 378 2537 f.
401 2512 496 2546 orant,
518 2509 678 2538 obsistunt.

1058 53 1098 83 21

1125 188 1152 228 ζ).

1125 229 1153 254 8.

1105 265 1160 292 24.-

1106 304 1152 331 19.

1102 2082 1150 2111 30.

1182 189 1328 223 perpetua
1350 188 1485 224 potentia
1506 197 1542 216 ac
1564 191 1725 225 potestate.

1180 225 1382 261 potentissimi
1404 243 1440 247 —
1463 227 1598 255 civitatis
1620 235 1655 255 ac
1677 243 1714 246 —
1735 227 1885 264 principes
1907 228 1972 256 t'ori.

1183 272 1200 291 a
1221 266 1307 300 patre
1330 266 1377 293 vel
1399 275 1416 293 a
1437 266 1624 302 propinquis.

1182 302 1362 368 paulcissima
1400 308 1562 340 praecepta
1601 304 1678 333 rhet.
1713 307 1765 333 aut
1795 304 2040 341 philosophorum

1255 341 1344 369 acita.

1185 350 1280 410 G.p13
1310 381 1363 424 vel·
1388 384 1474 417 pater
1504 382 1551 410 vel
1573 381 1742 418 propinqui.
1785 381 1821 410 G.
1845 383 1880 410 19
1900 384 2041 418 parentes

1222 426 1258 447 ae
1280 420 1448 456 111-0111111101.

1183 458 1218 487 G.
1240 459 1275 485 31
1302 458 1400 493 patria
1430 467 1464 486 ae
1496 459 1681 495 parentibus.
1723 459 1760 487 H.
1782 460 1809 495 3,
1832 460 1869 488 84
1898 459 2039 495 patriam,

1221 511 1258 516 —
1279 501 1413 532 penates.
1456 498 1492 525 H.
1516 499 1542 533 3,
1565 499 1601 527 86
1623 500 1765 534 paternos
1786 500 1922 534 penates.
1965 498 2000 525 A.
2015 499 2040 533 1,

1221 536 1257 563 59
1279 534 1298 562 f.
1325 536 1463 571 patriam,
1485 540 1635 572 parentes.

1182 574 1217 603 G.
1240 575 1278 602 40
1299 574 1420 609 proeliis
1443 578 1471 602 et
1493 574 1700 610 periclitando.
1723 575 1760 603 H.
1782 576 1809 611 3,
1832 576 1869 604 84
1890 576 1936 602 tot
1957 581 2040 610 proe-

1220 611 1267 640 liis
1297 612 1410 640 laboris
1437 621 1471 640 ac
1494 613 1628 649 periculi.
1669 614 1705 641 A.
1730 616 1755 649 1,
1775 615 1813 642 24
1842 613 2041 649 periculorum

1217 651 1483 687 praemiorumque.
1507 652 1543 679 11.
1565 653 1592 688 4,
1614 653 1651 680 43
1672 652 1805 688 praemia.
1826 652 2035 688 periculorum.

1218 689 1254 717 A.
1277 691 1303 725 6,
1327 691 1342 718 7
1365 689 1384 717 f.
1406 690 1539 725 pericula
1562 693 1590 718 et
1612 699 1735 726 poenas.

1179 728 1215 756 H.
1240 730 1265 764 1,
1287 730 1324 756 25
1345 728 1440 764 pretio
1472 732 1500 756 01
1522 729 1676 764 promissis
1698 745 1735 748 ——
1755 729 1882 765 pecunia
1909 728 1949 757 ad
1973 737 2037 764 per-

1218 767 1409 803 temptandos
1430 767 1557 803 plurium
1579 768 1703 795 animos.
1733 767 1769 795 A.
1782 769 1808 803 6,
1819 769 1857 796 43
1878 767 2036 803 pecuniam

1219 808 1248 834 et
1269 805 1415 841 pellicem.
1466 806 1501 833 A.
1526 807 1570 842 15,
1592 807 1629 834 54
1649 805 1669 833 f.
1692 806 1836 834 immensa
1858 806 1985 842 pecunia
2008 808 2036 833 et

1216 844 1364 880 potentia.

1182 883 1219 911 H.
1242 884 1269 919 5,
1293 884 1327 911 16
1348 882 1433 920 pacis
1455 891 1538 911 amor
1559 882 1753 919 praemiaque
1775 885 1805 911 et
1827 882 1911 919 quies
1930 883 1959 911 111
1973 891 2040 919 pos-

1221 924 1326 950 terum.

1182 960 1219 988 H.
1242 962 1269 996 3,
1292 961 1308 988 7
1330 959 1350 988 f.
1372 960 1492 996 placere
1524 959 1558 988 G.
1582 959 1769 996 principatus
1791 962 1821 988 et
1842 962 1954 996 partes.

1182 999 1218 1027 A.
1240 1000 1267 1035 2,
1289 1000 1326 1028 56
1348 1007 1488 1035 proceres
1510 998 1698 1035 plebemque.
1724 999 1760 1027 A.
1784 1000 1828 1035 13,
1852 1000 1886 1027 17
1909 997 1928 1026 f.
1950 999 2040 1034 patri·

1219 1037 1275 1066 bus
1304 1038 1476 1074 populoque
1505 1037 1679 1073 principem.
1721 1038 1757 1066 A.
1789 1039 1835 1074 16,
1859 1040 1873 1066 1
1904 1037 2041 1065 incusare

1219 1076 1384 1113 principem
1407 1080 1435 1104 ct
1458 1076 1601 1112 pupillum
1624 1084 1743 1104 vocare.

1180 1115 1216 1144 A.
1240 1116 1284 1150 15,
1308 1117 1343 1144 19
1373 1120 1533 1152 praeturas
1563 1117 1593 1143 et
1622 1114 1795 1151 provincias
1830 1114 1907 1143 inter
1939 1116 2041 1150 patres

1221 1153 1329 1182 sortiti.

1180 1193 1217 1221 A.
1239 1194 1267 1229 4,
1289 1194 1326 1221 48
1348 1191 1367 1220 f.
1389 1191 1533 1228 perfugae
1556 1194 1585 1220 ct
1606 1191 1775 1228 proditores
1797 1191 1873 1220 ferre
1895 1200 1978 1220 arma
2000 1191 2039 1219 ad

1219 1247 1257 1251 —-
1278 1231 1395 1268 patriae
1417 1230 1580 1259 servitium.

1180 1270 1216 1299 A.
1238 1271 1266 1306 2,
1289 1273 1323 1299 11
1346 1269 1489 1306 pontibus
1510 1269 1730 1306 praesidiisque
1752 1269 1909 1306 impositis.

1180 1309 1218 1337 H.
1241 1311 1268 1345 3,
1291 1310 1328 1337 :24
1349 1308 1462 1345 pudore
1485 1311 1513 1336 ct
1534 1308 1662 1344 probris.
1705 1308 1741 1336 H.
1765 1310 1791 1344 3,
1816 1310 1850 1336 11
1872 1308 2041 1344 procacita—

1219 1347 1258 1375 tis
1279 1350 1309 1375 et
1330 1346 1525 1383 petulantiae.
1567 1346 1604 1374 H.
1626 1347 1653 1381 4,
1676 1348 1714 1375 20
1739 1355 1853 1383 procax
1874 1349 1944 1375 ante
1965 1346 2039 1383 peri-

1220 1386 1327 1413 culum.

1181 1424 1220 1452 H.
1241 1425 1268 1458 3,
1291 1425 1326 1452 31
1350 1424 1450 1452 studia
1471 1421 1679 1460 philosophiae
1694 1425 1723 1450 et
1739 1423 1851 1459 placita
1863 1422 2040 1451 Stoicorum.

1180 1463 1216 1491 A.
1238 1464 1284 1499 13,
1306 1464 1342 1491 42
1365 1462 1384 1490 f.
1407 1471 1465 1499 qua
1487 1461 1644 1498 sapientia,
1667 1461 1775 1498 quibus
1796 1461 2041 1498 philosophorum

1219 1501 1400 1539 praeceptis.

1143 1561 1150 1568 .
1172 1549 1265 1577 purus
1287 1543 1316 1568 et
1337 1548 1459 1576 pressus
1481 1541 1511 1567 et
1532 1555 1569 1557 —
1590 1538 1750 1575 profluens.

1180 1579 1305 1616 propria
1327 1588 1362 1607 ac
1384 1577 1559 1615 peculiaria.
1593 1579 1629 1606 32
1652 1577 1778 1613 primam
1794 1580 1823 1606 et
1837 1577 2040 1614 praecipuam.

1183 1618 1219 1647 G.
1243 1619 1278 1646 19
1308 1617 1491 1654 paucissima
1521 1615 1681 1652 adulteria,
1713 1624 1808 1653 poena
1838 1625 1981 1653 praesens
2012 1620 2041 1645 ct

1219 1656 1335 1685 maritis
1356 1656 1512 1692 permissa.

1180 1695 1216 1723 A.
1239 1697 1266 1732 3,
1288 1696 1325 1723 33
1347 1695 1455 1731 vulgus
1477 1701 1634 1730 praeceps,
1655 1693 1807 1729 pavidum.

1179 1734 1216 1762 A.
1240 1735 1285 1770 14,
1309 1735 1345 1761 14
1366 1733 1558 1770 praecipuum
1580 1735 1608 1759 et
1630 1732 1806 1768 praescium.

1179 1773 1216 1801 A.
1239 1774 1284 1809 13,
1308 1774 1343 1801 16
1366 1772 1486 1808 propria
1508 1774 1537 1799 ct
1558 1771 1695 1806 parciore
1717 1779 1829 1799 mensa.

1181 1811 1219 1839 H.
1241 1812 1269 1847 2,
1293 1813 1328 1840 19
1349 1811 1471 1848 provisa
1493 1812 1671 1846 parataque.
1710 1810 1747 1838 H.

1218 1849 1326 1878 endam
1348 1849 1602 1886 perdendamque.

1769 1811 1797 1846 2,
1820 1811 1855 1838 76
1877 1818 1915 1838 111.
1945 1810 2040 1846 pollu-

1142 1909 1149 1916 .
1178 1888 1345 1925 praefuisse
1367 1888 1452 1916 edne.
1484 1896 1519 1915 ae
1546 1885 1725 1923 produxisse
1746 1887 1896 1924 principes
1918 1887 2040 1916 liberos.

1179 1927 1217 1955 H.
1240 1929 1267 1964 3,
1289 1929 1326 1956 22
1348 1930 1469 1964 postera
1493 1926 1540 1954 dic
1561 1924 1722 1962 profligare
1744 1935 1780 1954 ac
1801 1934 1953 1962 proruere.

1180 1966 1217 1994 H.
1240 1967 1267 2002 3,
1290 1967 1325 1995 81
1348 1966 1551 2003 propellerent
1574 1965 1854 2002 proculcarentque.

1179 2005 1216 2033 A.
1239 2007 1266 2041 1,
1288 2007 1323 2034 51
1346 2005 1365 2032 f.
1389 2005 1558 2040 pergerent,
1582 2006 1787 2039 properarent.
1818 2003 1853 2032 A.
1877 2004 1922 2040 14,
1944 2004 1981 2032 43
2002 2012 2040 2031 m.

1218 2052 1305 2072 nemo
1327 2042 1480 2080 prohibuit
1501 2044 1552 2070 aut
1575 2042 1717 2077 prodidit.

1179 2081 1388 2119 philosophiae
1418 2084 1521 2118 partes
1551 2081 1680 2115 penitus.
1721 2082 1758 2110 32
1780 2082 1942 2117 praecepta
1973 2089 2040 2117 pru-

1181 2120 1315 2149 dentium
1337 2120 1465 2157 penitus.

1181 2159 1238 2196 Ag.
1261 2161 1278 2188 6
1308 2158 1463 2196 provincia
1488 2175 1526 2180 —
1551 2161 1658 2196 parata
1688 2158 1885 2195 peccantibus
1914 2160 1943 2186 et
1973 2166 2039 2194 pro-

1221 2199 1325 2226 consul
1345 2215 1383 2218 —
1403 2206 1523 2234 pronus.

1180 2237 1238 2273 Ag.
1262 2239 1297 2265 19
1325 2245 1403 2273 quae
1424 2236 1454 2264 iu
1474 2239 1631 2273 quaestum
1656 2252 1693 2256 —
1715 2234 1887 2272 provinciae
1908 2234 2042 2270 prudeus

1220 2291 1257 2295 -
1279 2275 1381 2312 parvis
1402 2275 1537 2311 peccatis
1557 2291 1594 2294 —
1616 2277 1793 2311 peccaturos
1814 2281 2012 2310 praeponere.

1184 2314 1219 2343 G.
1242 2316 1259 2343 2
1282 2314 1348 2351 quis
1369 2322 1458 2350 porro
1482 2316 1602 2350 praeter
1622 2313 1786 2349 periculum
1807 2327 1842 2330 —
1865 2314 1992 2348 peteret.

1186 2353 1220 2382 G.
1245 2355 1279 2381 17
1301 2352 1438 2389 proxima
1458 2362 1529 2389 pars
1550 2351 1681 2388 pectoris
1702 2354 1797 2387 patet.

1184 2391 1220 2420 G.
1242 2393 1279 2420 26
1301 2391 1320 2419 f.
1342 2391 1476 2427 pomaria
1499 2393 1658 2419 conserunt
1681 2392 1709 2417 et
1731 2391 1817 2425 prata
1840 2390 1981 2425 separent
2001 2405 2039 2409 —-

1224 2431 1287 2459 sola
1309 2433 1408 2458 terrae
1431 2438 1527 2466 seges.

1185 2469 1220 2498 G.
1240 2470 1277 2497 46
1298 2468 1409 2505 passim
1439 2468 1616 2496 comitantur
1640 2469 1814 2503 partemque
1835 2465 1967 2502 praedae
1990 2474 2039 2501 pe

1224 2510 1298 2536 tunt.
