2238 2735
126 236 171 263 34.

125 698 171 726 39.

130 1508 177 1535 30.

137 1661 181 1689 17.

151 1740 179 1766 9.

133 1778 179 1805 37.

133 1855 179 1883 36.

134 2085 182 2112 22.

136 2124 181 2151 10.

138 2201 182 2228 18.

169 1411 176 1418 .
208 1390 298 1418 altior
323 1393 352 1418 et
377 1391 532 1418 excelsior.

175 1951 181 1958 .
211 1930 349 1959 fabulosa
376 1931 462 1959 nimis
488 1934 518 1959 et
548 1932 723 1968 composita.

568 158 621 183 11.

203 234 377 263 Adversarii
399 236 428 262 et
449 233 566 262 aemuli.
588 234 625 261 34
639 242 675 260 ex
698 232 806 261 invidis
828 236 857 261 et
878 232 1059 261 faventibus.

203 274 240 302 H.
265 276 289 302 1.
313 275 350 301 44
376 276 408 301 ut
438 272 548 300 inimici
574 275 603 299 et
630 271 738 299 aemuli
771 271 864 299 caede
885 271 992 300 laetari
1013 271 1059 299 ius

202 312 318 348 fasque.
359 312 395 339 H.
418 312 444 345 2,
467 312 502 338 21
524 310 635 338 invidia
658 314 686 337 et
708 310 917 338 aemulatione.
958 309 993 337 A.
1014 311 1058 344 16,

201 352 238 379 22
260 350 405 378 fautorem
426 352 477 377 aut
498 348 713 376 adversarium.

152 390 172 416 ⁵.
203 397 358 426 procerum
384 387 530 416 factiones
558 391 587 415 et
614 403 651 407 —
677 390 797 415 senatus
823 387 970 416 adversus
997 387 1057 423 plc-

205 429 271 456 bem
294 426 465 455 certamina.
505 426 542 453 H.
554 427 582 455 12.
604 427 640 454 33
662 426 757 462 prima
779 427 855 454 inter
876 429 977 463 patres
998 426 1058 462 ple-

203 467 329 502 bemque
357 464 528 492 certamina.
568 464 604 492 A.
626 466 653 500 4,
679 466 715 492 42
746 465 843 500 plebis
874 469 902 493 et
934 464 1057 500 optima-

201 505 274 533 tium
296 503 468 532 certamina.
508 502 544 531 A.
569 506 594 536 1,
616 504 632 530 2
655 502 674 530 f.
703 506 841 539 suspecto
865 506 985 531 senatus
1007 511 1057 539 po-

201 543 323 580 pulique
353 541 476 578 imperio
502 541 540 569 ob
563 541 726 569 certamina.
754 542 929 578 potentium.
971 542 1007 569 A.
1029 542 1057 577 4,

203 583 240 611 33
261 580 349 617 plebe
371 596 407 600 -
429 582 531 616 patres
552 595 589 599 —
611 582 732 608 senatus
754 596 791 600 ›—
813 583 841 608 et
871 580 1057 617 optimatium

202 661 230 689 4.
252 659 288 687 643
310 657 407 686 studia
430 665 585 693 procerum
607 660 635 685 et
657 657 777 693 largitio
800 657 952 694 principis.

202 705 305 725 cursus
333 700 361 724 et
395 696 501 732 spatia.
544 695 578 724 G.
601 697 637 724 37
660 698 758 723 castra
788 699 818 724 et
851 696 959 732 spatia.
1000 695 1058 731 Ag.

203 737 240 764 10
261 735 358 771 spatio
381 743 415 762 ac
438 734 530 762 caelo.
570 734 607 762 H.
629 735 656 769 2,
678 736 714 762 37
737 735 865 771 spatium
892 743 927 762 ac
950 743 1058 762 moras.

203 774 238 802 A.
260 775 287 809 2,
309 775 345 802 82
368 775 501 809 tempore
522 781 558 800 ac
585 773 693 809 spatio.
724 772 760 801 A.
783 775 809 809 6,
831 775 868 802 43
894 773 1058 801 cimetatio-

203 821 271 841 nem
293 815 321 840 et
343 820 451 839 moras.

204 851 327 879 divitiae
350 853 379 878 et
402 857 483 886 opes.

203 893 233 918 et
255 898 336 926 opes.

202 927 267 956 foro
290 931 318 955 et
340 926 519 964 eloquentia.
559 926 616 963 Ag.
639 928 656 955 2
678 927 707 955 in
729 927 848 955 comitio
871 936 906 955 ac
927 927 1001 955 foro.
1023 927 1059 955 A.

203 968 230 999 2,
253 968 289 995 34
310 965 329 994 f.
352 966 381 994 in
402 965 466 993 foro
488 968 517 993 et
538 965 659 993 iudicio.
691 966 726 994 A.
749 968 776 1002 4,
799 968 815 994 7
837 965 930 994 forum
955 969 983 993 et
1005 966 1060 994 ius.

205 1005 317 1041 gremio
329 1013 364 1032 ac
375 1004 440 1032 sinu
450 1004 562 1031 matris.
584 1004 642 1040 Ag.
658 1005 677 1032 4
691 1005 720 1032 in
740 1004 826 1033 huius
846 1004 974 1041 (matris)
994 1004 1060 1033 sinu

206 1043 462 1079 indulgentiaque.
492 1042 528 1070 A.
543 1044 570 1078 6,
579 1044 616 1071 45
628 1042 648 1070 f.
670 1043 698 1071 in
716 1043 781 1071 sinu
797 1043 846 1071 avi
860 1043 1039 1079 perdicerat.

202 619 331 656 ingenia.
372 618 407 646 A.
430 620 456 654 3,
486 620 523 647 10
549 618 648 646 studia
675 618 776 654 populi
798 621 827 646 ct
853 622 980 655 patrum.

524 851 561 879 H.
583 851 611 886 4,
633 851 671 878 74
691 849 711 878 f.
733 850 768 878 A.
787 852 832 887 11,
855 852 892 879 24
913 850 933 878 f.
955 859 1059 879 aurum

165 1103 171 1110 .
203 1082 323 1118 ingenio
345 1090 379 1109 ac
403 1081 517 1117 spiritu.
540 1083 555 1109 1
573 1084 723 1110 oratorum
744 1081 872 1118 ingeniis
894 1081 1060 1118 gloriaque.

207 1120 305 1152 Quint.
326 1120 425 1148 mentis
446 1129 481 1147 ac
501 1119 620 1156 spiritus
641 1120 669 1148 in
690 1121 819 1149 dicendo.
846 1120 881 1149 G.
904 1122 940 1150 29
962 1124 1061 1149 mente

205 1159 374 1195 animoque.
415 1158 451 1186 A.
474 1159 501 1194 3,
523 1159 560 1187 55
581 1158 680 1188 laudis
702 1161 731 1188 et
753 1159 870 1187 artium.

697 1354 754 1381 Cic.
777 1362 803 1381 a.
825 1358 852 1381 et
872 1364 905 1381 m.

572 1391 629 1426 Ag.
655 1391 673 1418 4
706 1399 833 1426 magnae
865 1392 1063 1428 excelsaeque

206 1429 329 1465 gloriae.
350 1429 386 1457 A.
398 1431 425 1466 3,
437 1430 473 1458 53
484 1429 579 1457 maius
590 1428 705 1465 aliquid
716 1431 744 1456 et
756 1429 914 1458 excelsius.
935 1432 976 1459 Pl.
990 1433 1023 1459 E.
1035 1432 1063 1467 9,

206 1468 243 1496 ‘26
263 1469 424 1504 plerumque
445 1470 509 1496 allis
531 1473 557 1496 et
578 1469 697 1496 excelsis
718 1469 851 1496 adiacent
872 1470 1000 1506 abrupta.

209 1506 347 1542 angustis
374 1509 403 1534 et
429 1506 572 1534 brevibus
592 1523 631 1526 —
651 1506 785 1534 terminis
810 1506 947 1535 cluditur.
988 1508 1023 1537 G.
1046 1509 1063 1536 6

207 1544 295 1572 hasta
317 1561 354 1564 —
375 1548 503 1581 angusto
524 1548 554 1573 et
574 1544 659 1573 brevi
679 1544 767 1572 ferro.
800 1547 840 1573 Pl.
862 1547 894 1574 Ε.
917 1548 944 1582 2,
967 1548 984 1575 7
1004 1550 1064 1575 vita

209 1585 298 1612 brevis
310 1589 335 1612 el
349 1594 374 1612 α.
416 1586 456 1612 Pl.
477 1586 510 1612 E.
533 1585 560 1620 3,
583 1585 608 1612 7.
631 1585 657 1619 9,
680 1585 696 1611 2
719 1589 775 1612 tam
795 1587 919 1620 anqusn's
940 1588 1064 1614 terminis

209 1624 401 1657 concludimr5
421 1633 503 1659 quam
523 1633 549 1650 a.
571 1625 695 1651 terminis
717 1624 890 1652 claudamur.

211 1660 353 1697 antiquos
374 1664 403 1689 et
423 1664 552 1689 veteres.
592 1663 635 1690 Pl.
657 1663 688 1690 P.
711 1663 756 1697 11,
777 1663 796 1690 4
820 1663 884 1690 illos
908 1668 1017 1692 veteres
1038 1669 1064 1692 et

211 1702 339 1736 antiquos
361 1702 522 1728 aemularis.

211 1742 323 1766 certam
339 1740 367 1766 et
383 1738 517 1767 solidam.
548 1740 606 1767 Cic.
628 1740 748 1767 solidam
760 1749 910 1776 veramque
926 1741 1044 1769 laudem.

212 1776 324 1804 claram
345 1779 374 1804 et
395 1777 548 1806 inlustrem
570 1777 743 1805 orationem.
764 1779 805 1806 Pl.
821 1780 851 1806 E.
864 1779 890 1815 6,
901 1780 938 1807 ‘29
960 1789 1064 1808 causas

212 1817 245 1843 cl.
268 1820 294 1843 et
314 1817 363 1844 inl.

212 1854 404 1890 conspicuum
426 1856 455 1882 et
477 1856 663 1883 eminentem.
709 1855 746 1883 H.
769 1856 795 1891 3,
820 1857 855 1883 17
882 1855 1008 1893 insignis
1029 1873 1066 1877 —

214 1892 401 1928 conspicuus.
432 1892 469 1920 H.
489 1894 516 1928 4,
538 1894 575 1921 42
597 1902 634 1921 m.
657 1893 797 1922 inlustres
818 1911 857 1914 —
878 1895 1065 1931 conspicuas.

763 1933 820 1968 Ag.
842 1934 880 1961 40
909 1933 1008 1962 fictum
1030 1943 1066 1963 ac

212 1970 417 2006 compositum.
459 1969 494 1997 A.
515 1971 542 2007 6,
563 1971 601 1998 24
629 1970 791 2000 meditatas
813 1972 1064 2009 compositasque.

214 2007 251 2036 A.
273 2009 299 2042 6,
321 2009 358 2036 28
380 2008 399 2036 f.
424 2008 538 2036 incerta
560 2011 589 2037 et
609 2008 755 2038 fabulosis
776 2012 874 2038 aucta.
904 2010 939 2038 A.
962 2013 1007 2047 11,
1029 2013 1065 2040 27

211 2046 381 2074 fabulosum
403 2046 438 2074 iri
456 2062 493 2066 —
511 2047 564 2075 sed
584 2047 659 2075 nihil
680 2049 922 2085 compositum—
937 2049 1064 2078 tradam.

212 2084 313 2113 firmus
332 2088 361 2113 ct
382 2085 551 2113 duraturus.
591 2087 648 2114 Cic.
669 2089 689 2122 f.
712 2093 739 2115 et
757 2089 871 2116 stabilis.

212 2123 353 2152 fortuitae
374 2128 403 2152 et
425 2123 544 2152 subitae
565 2123 713 2153 dictionis.
740 2125 776 2154 G.
793 2128 827 2154 11
849 2126 906 2155 nisi
920 2126 992 2163 quid
1007 2126 1063 2155 sor<

212 2162 319 2190 tuitum
341 2165 369 2190 et
391 2162 531 2190 subitum.
571 2164 628 2191 Cic.
648 2173 669 2191 s.
691 2169 718 2192 et
737 2165 758 2199 f.

213 2199 326 2228 horridi
353 2204 383 2229 et
408 2200 534 2237 impoliti
561 2203 589 2228 et
613 2200 702 2230 rudes
727 2204 757 2230 et
777 2201 926 2232 informes.

208 1351 389 1380 Accuratam
410 1352 655 1389 meditatamque.

214 2238 366 2267 incondita
387 2248 423 2267 ac.
443 2239 510 2267 rudi
529 2247 613 2267 voce.
640 2239 676 2267 A.
698 2241 733 2268 12
765 2242 802 2270 35
823 2250 860 2270 m.
882 2241 971 2271 rudes
982 2213 1063 2270 effin-

213 2276 324 2305 formcs
351 2286 490 2306 saxorum
516 2285 686 2313 compages.
724 2261 760 2307 A.
779 2281 860 2316 4,16
885 2289 922 2308 ex
942 2280 1064 2310 horrida

215 2315 266 2343 illa
288 2316 477 2352 antiquitate.
519 2316 555 2344 H.
571 2317 598 2352 2,
616 2318 650 2344 11
669 2315 688 2344 f.
714 2316 861 2355 horridus,
886 2319 1064 2356 incomptus.

215 2353 250 2381 A.
273 2356 318 2390 15,
339 2356 376 2383 67
404 2363 508 2383 sensus
527 2355 694 2391 incomptos
716 2358 745 2383 et
764 2357 890 2386 validos.
921 2358 958 2386 H.
980 2360 1007 2395 2,
1029 2360 1067 2387 80

215 2400 252 2419 m.
283 2393 357 2421 satis
378 2392 504 2422 decorus
530 2393 619 2422 etiam
642 2393 758 2422 Graeca
786 2394 935 2424 facundia.
981 2397 1016 2425 A.
1038 2398 1066 2433 G,

216 2431 251 2458 15
272 2434 408 2468 comptae
428 2431 596 2460 facundiae.
643 2432 680 2460 H.
700 2434 726 2468 1,
744 2433 780 2461 19
802 2434 947 2470 comptior
961 2444 1066 2464 sermo.

216 2467 252 2497 G.
274 2470 309 2497 14
323 2469 343 2497 f.
374 2470 515 2507 incompti
541 2473 706 2507 apparatus
734 2470 912 2509 (epularum)
942 2473 978 2502 A.
999 2476 1026 2510 3,
1049 2475 1066 2503 2

214 2507 364 2544 incompta
385 2508 478 2544 signa.

1086 60 1122 91 17

1115 159 1160 186 19.

1114 235 1160 263 20.

1115 698 1159 726 10.

1120 1471 1166 1499 16.

1121 2052 1167 2079 39.

1119 2090 1167 2118 32.

1118 2168 1166 2234 Q:

1123 2361 1168 2389 19.

1125 2514 1169 2542 18.

1153 872 1159 879 .
1190 852 1275 880 initia
1298 855 1327 880 et
1349 852 1471 880 semina.

1153 949 1160 956 .
1190 928 1268 957 inter
1295 929 1397 957 sordes
1424 934 1454 958 et
1484 931 1633 959 lacrimas.

1154 1142 1161 1149 .
1191 1121 1288 1150 visum
1315 1125 1344 1150 et
1376 1123 1486 1151 oculos.

1192 156 1301 185 iudicio
1323 160 1352 186 et
1374 158 1536 186 intellectu.

1191 197 1228 224 43
1249 195 1360 224 honore
1381 196 1558 233 iudicioque.

1188 234 1335 263 laetitiam
1363 239 1391 263 et
1417 235 1667 271 pulchritudinem
1697 237 1850 266 orationis.
1894 239 1930 265 21
1960 237 2043 265 laeti<

1189 273 1261 301 tiam
1282 273 1476 310 nitoremque.
1503 275 1588 311 Ag.4
1609 275 1628 303 f.
1651 276 1899 311 pulchritudinem
1921 284 1956 304 ac
1979 284 2042 312 spc-

1191 311 1265 340 ciem
1287 327 1323 331 —
1345 312 1468 348 gloriae.
1494 313 1529 341 A.
1541 315 1568 350 3,
1591 316 1628 343 34
1648 314 1740 342 multa
1763 315 1888 342 duritiae
1909 316 2044 342 veterum

1190 350 1221 378 in
1248 350 1352 379 melius
1380 354 1407 378 et
1435 351 1541 380 laetius
1568 354 1691 380 mutata.
1731 353 1767 380 A.
1796 354 1823 389 4,
1852 354 1888 382 33
1914 352 2044 381 Punicas

1189 388 1377 417 Romanasne
1399 390 1478 418 acies
1500 391 1606 419 laetius
1629 391 1778 419 extuleris.

1186 427 1358 463 malignitas
1380 430 1408 456 et
1431 428 1552 457 invidia.
1580 430 1615 458 ‘25
1637 438 1696 457 non
1717 431 1904 466 malignitate
1926 437 1980 457 nec
2002 429 2042 456 in-

1576 160 1614 187 20
1634 158 1756 188 auribus
1778 162 1807 188 et
1827 159 1954 188 iudiciis.
1984 159 2041 196 Ag.

1190 465 1280 494 vidia.
1321 467 1368 493 l’l.
1397 467 1432 494 P.
1462 469 1499 496 58
1531 468 1606 495 livor
1636 473 1662 496 et
1691 470 1756 496 mal.
1797 469 1855 504 Ag.
1876 470 1911 496 41
1934 467 1954 495 f.
1984 476 2043 495 ma<

1189 504 1327 540 lignitate
1353 508 1382 533 et
1408 505 1510 533 livore.
1552 507 1588 534 H.
1612 509 1637 542 1,
1669 509 1683 535 1
1706 507 1885 536 obtrectatio
1914 509 1944 534 et
1969 506 2046 534 livor

1190 559 1226 563 —
1255 543 1445 579 malignitati.
1487 545 1523 572 H.
1554 548 1578 580 1,
1607 547 1642 573 (35
1674 546 1835 574 aemulatio
1866 547 1896 573 et
1921 544 2044 572 invidia.

1694 623 1729 651 A.
1748 625 1775 660 3,
1795 624 1831 651 10
1849 622 1869 650 f.
1895 621 1994 650 odium
2006 582 2046 649 {t

1191 581 1227 609 H.
1249 583 1277 617 2,
1295 583 1341 609 21.
1366 584 1430 610 101.
1453 584 1479 617 3,
1504 584 1539 610 (35
1568 583 1679 612 invidia
1703 587 1732 612 et
1756 584 1965 613 aemulatione.

1190 621 1217 656 2,
1239 622 1274 649 97
1297 620 1431 648 odiorum
1453 621 1653 658 invidiaeque.

1188 658 1341 686 invidiam.

1190 697 1299 734 quietis
1321 700 1350 726 et
1372 698 1552 727 securitatis.
1594 702 1628 728 11
1651 702 1761 728 statum
1782 708 1818 728 ae
1844 698 2045 727 securitatem.

1190 736 1227 764 H.
1251 739 1277 772 1,
1305 738 1340 765 66
1377 737 1503 765 salutem
1539 738 1840 774 incolumitatemque.
1889 737 1926 765 H.
1954 738 1980 773 3,
2008 738 2045 765 53

1191 775 1317 803 salutem
1345 776 1605 813 securitatemque.
1646 778 1681 805 A.
1703 779 1730 813 3,
1752 778 1789 805 28
1816 777 1975 804 multorum
1997 783 2045 803 ex-

1191 813 1245 841 cisi
1267 816 1363 842 status
1386 815 1569 852 (chinbgen).

1513 853 1609 885 Quint.
1641 857 1659 882 i.
1682 855 1820 890 quaedam
1841 862 1874 881 ac
1895 863 1918 881 s.
1959 851 1995 879 A.
2020 853 2045 887 1,

1191 892 1227 918 41
1251 891 1587 928 ςεωίυιι-ωοῐιιε.,Α.
1607 895 1652 929 11,
1675 894 1691 921 9
1714 901 1784 920 sem.
1806 907 1843 912 ———
1864 890 2046 919 rebellionis.

1673 931 1709 959 A.
1732 932 1759 967 6,
1782 932 1799 959 8
1820 932 1901 958 metu
1928 938 1964 957 ac
1985 937 2045 957 sor-

1192 967 1280 995 dibus
1303 968 1561 997 conflictabantur.

1191 1005 1290 1034 studia
1313 1015 1458 1043 curasque
1480 1023 1516 1027 —
1538 1008 1729 1036 remissiones
1758 1008 1910 1046 lususque.
1950 1005 2008 1041 Ag.
2031 1006 2048 1033 3

1191 1047 1327 1081 tempora
1349 1054 1484 1073 curarum
1498 1046 1772 1083 remissionumque.
1816 1045 1873 1073 Cic.
1889 1044 1980 1072 animi
1998 1054 2048 1072 rc-

1194 1083 1353 1111 missionem
1376 1085 1535 1122 ludumque.

1534 1123 1569 1152 G.
1597 1125 1634 1153 33
1661 1122 1856 1152 oblectationi
1886 1121 2048 1157 oculisque.

1193 1161 1308 1189 Lacr-et.
1329 1161 1357 1197 5,
1380 1162 1435 1190 102
1458 1163 1604 1191 oculorum
1626 1163 1696 1191 visu.

939 1277 976 1315 B.
1004 1276 1225 1316 ADIECTIVA.

1118 1355 1164 1383 35.

1197 1354 1334 1390 cogitans
1355 1355 1429 1384 nihil
1449 1356 1560 1385 humile
1581 1357 1629 1384 vel
1649 1355 1808 1384 abiectum.
1842 1355 1878 1384 A.
1902 1356 1947 1391 13,
1968 1355 2005 1383 46
2027 1355 2047 1382 f.

1196 1393 1255 1421 nisi
1283 1394 1433 1422 abiectum
1463 1398 1492 1423 et
1523 1394 1684 1423 sordidum.
1725 1396 1782 1422 Cic.
1809 1396 1877 1422 niha'l
1906 1395 2050 1428 abiectum,

1196 1433 1266 1460 nihil
1284 1433 1384 1461 humile
1405 1436 1549 1470 coqitare5
1572 1435 1662 1468 Quint.
1684 1434 1725 1462 Pl.

1196 1470 1362 1498 inauditum
1384 1474 1414 1500 et
1435 1471 1630 1500 indefensum.
1654 1471 1690 1499 H.
1703 1472 1806 1507 1,6m.
1828 1470 1956 1499 inauditi
1966 1472 1996 1498 et
2010 1470 2052 1498 in-

1198 1508 1312 1537 defensi
1333 1512 1486 1547 tamquam
1508 1510 1690 1538 innoccntes.
1722 1509 1759 1537 Η.
1770 1511 1797 1546 2,
1810 1511 1846 1538 10
1860 1518 1897 1537 m.
1919 1508 2050 1537 indefen-

1198 1556 1262 1575 sum
1284 1550 1313 1576 et
1335 1548 1509 1577 inauditum.
1535 1548 1571 1577 Α.
1582 1551 1608 1583 2,
1621 1550 1656 1577 77
1671 1558 1709 1576 m.
1732 1548 1898 1576 inauditum
1920 1550 1950 1576 et
1970 1547 2050 1576 inde<

1196 1585 1321 1615 sensum.
1344 1588 1497 1623 H.3,71f.
1520 1587 1706 1616 indefensum
1729 1590 1757 1615 et
1778 1587 1968 1623 indireptum.

1195 1625 1422 1654 inexercitatam
1445 1628 1474 1655 et
1495 1626 1608 1654 rudem.
1650 1628 1707 1655 Cic.
1729 1635 1752 1654 r.
1774 1632 1801 1654 ee
1820 1629 1895 1654 ines.

1196 1663 1351 1700 imperitus
1374 1668 1402 1692 et
1424 1664 1515 1693 rudis.
1558 1667 1616 1693 Cic.
1636 1668 1699 1701 imp.
1722 1670 1748 1693 et
1769 1675 1791 1692 r.

1195 1703 1306 1730 laetum
1328 1706 1357 1731 et
1378 1703 1518 1731 alacrem.
1560 1705 1616 1732 Cic.
1640 1703 1730 1738 Quint.
1752 1705 1792 1731 Pl.
1815 1714 1840 1731 a.
1863 1708 1890 1731 el
1911 1704 1928 1731 l.

1195 1741 1314 1769 laudem
1336 1741 1454 1769 inanem
1476 1745 1505 1770 et
1527 1741 1741 1770 infructuosam
1762 1757 1800 1761 -
1821 1742 1982 1769 clamorem
2003 1749 2051 1769 va-

1200 1788 1270 1815 gum
1293 1782 1322 1807 et
1343 1788 1433 1808 voces
1455 1780 1557 1809 inanes
1579 1783 1608 1808 et
1629 1780 1771 1817 gaudium
1796 1780 1927 1808 volucre.
1969 1780 2005 1808 A.
2025 1781 2053 1813 3,

1200 1820 1238 1847 54
1259 1817 1278 1846 f.
1310 1818 1513 1855 (offensiones)
1544 1819 1647 1847 inanes
1677 1821 1706 1847 et
1728 1819 1833 1847 inritas
1858 1827 1955 1855 neque
1980 1818 2052 1846 mihi

1199 1859 1252 1885 aut
1273 1857 1360 1886 vobis
1381 1857 1447 1885 usui
1468 1857 1593 1886 futuras.
1619 1857 1654 1886 A.
1666 1859 1693 1894 3,
1705 1858 1742 1886 5O
1752 1856 1771 1885 f.
1795 1856 2052 1885 studia—inania

1199 1898 1230 1924 et
1251 1895 1330 1924 fluxa
1352 1904 1406 1923 nec
1428 1896 1591 1933 quidquam
1606 1905 1699 1933 grave
1714 1905 1748 1924 ac
1765 1896 1882 1924 serium.
1908 1895 1944 1924 A.
1958 1897 2049 1931 13,19

1198 1934 1339 1963 instabile
1366 1943 1401 1962 ac
1427 1935 1539 1963 fluxum
1559 1952 1597 1956 ——
1617 1934 1697 1964 fama
1718 1935 1882 1972 potentiae.
1922 1934 1958 1963 A.
1985 1936 2013 1969 3,
2035 1936 2052 1961 8

1198 1972 1275 2001 falsa
1297 1976 1326 2001 et
1347 1973 1457 2001 inania.

1197 2011 1291 2040 libero
1314 2014 1342 2040 et
1364 2012 1503 2048 ingenuo.
1535 2014 1589 2041 Cic.
1612 2015 1666 2048 inq.
1688 2018 1715 2041 ec
1737 2013 1781 2041 lib.

1199 2050 1287 2078 liberi
1309 2053 1339 2078 et
1360 2050 1458 2079 soluti.
1501 2053 1557 2079 Cic.
1580 2053 1597 2080 l.
1619 2057 1646 2080 ee
1667 2062 1699 2086 s.,
1730 2062 1752 2079 s.
1774 2061 1809 2079 ac
1829 2053 1847 2079 l.

1197 2097 1324 2126 magnas
1354 2092 1383 2117 et
1412 2098 1521 2126 graves
1556 2098 1672 2118 causas.
1722 2091 1763 2118 Pl.
1793 2091 1826 2118 Ε.
1857 2090 1884 2125 5,
1915 2089 1932 2117 S
1962 2098 1995 2116 m.
2027 2093 2053 2116 et

1196 2138 1222 2164 9.
1244 2137 1268 2156 c.

1196 2166 1301 2194 miram
1317 2168 1346 2194 et
1360 2166 1508 2194 eximiam.
1532 2168 1589 2195 Cic.
1611 2168 1763 2203 sinqularis
1784 2169 1940 2202 eximiaque
1954 2167 2050 2194 circus.

1195 2207 1308 2233 mutum
1329 2207 1359 2233 et
1380 2205 1537 2241 elinguem.
1581 2206 1636 2234 Liv.
1662 2216 1696 2233 m.
1719 2211 1746 2234 et
1767 2215 1790 2233 e.

1194 2252 1302 2272 novam
1324 2246 1354 2271 et
1374 2246 1523 2272 recentem
1546 2252 1656 2272 curam.
1696 2245 1714 2272 8
1735 2243 1821 2271 novis
1836 2244 1865 2271 et
1879 2242 2050 2271 recentibus

1196 2281 1351 2318 exemplis.
1393 2282 1430 2310 H.
1441 2284 1468 2319 4,
1480 2283 1516 2311 65
1527 2291 1564 2310 m.
1586 2291 1665 2310 nova
1687 2284 1717 2311 et
1737 2281 1869 2310 recentia
1890 2280 1964 2309 iura.
1995 2283 2051 2310 Cic.

1200 2331 1257 2349 rec.
1279 2326 1306 2349 et
1327 2331 1353 2348 n.

1199 2368 1278 2387 nova
1301 2362 1330 2387 et
1352 2359 1512 2395 incognita.
1556 2361 1592 2388 19
1612 2359 1698 2387 novis
1713 2360 1742 2386 et
1757 2357 1924 2394 exquisitis.
1954 2357 1990 2386 A.
2007 2359 2053 2390 13.

1199 2399 1236 2427 35
1262 2397 1349 2434 quasi
1374 2406 1452 2426 nova
1481 2401 1510 2426 et
1535 2398 1618 2426 mira.
1659 2400 1717 2426 Cic.
1739 2399 1904 2425 reconditae
1925 2399 2054 2434 exquisi-

1199 2442 1298 2473 taeque
1313 2439 1484 2472 sententiae5
1507 2439 1671 2473 exquisitius
1693 2441 1719 2464 et
1733 2438 1843 2464 minime
1856 2437 1971 2472 vulqare
1982 2445 2054 2464 ora-

1199 2478 1282 2504 tionis
1302 2485 1397 2510 yenus.

1201 2513 1354 2542 Gracchus
1384 2513 1500 2549 plenior
1525 2516 1554 2542 et
1576 2513 1703 2542 uberior.
1747 2515 1802 2542 Cic.
1818 2514 1864 2541 Gr.
1884 2515 1923 2549 pl.
1946 2514 2057 2542 etwas!

1875 2555 1896 2590 3
