2238 2735
65 575 111 601 41.

86 613 112 639 {L

88 772 114 795 οἱ.

72 1002 117 1027 16.

69 1040 115 1067 24.

101 207 107 213 .
138 186 202 214 sine
224 183 378 221 obsequio.
400 184 461 212 siue
484 183 652 218 severitate,
675 184 841 218 contumax,
870 183 992 209 temera-

179 225 232 257 ria,
255 224 414 260 adrogans.

140 263 176 292 G.
198 264 234 291 35
256 263 318 290 sine
340 262 513 298 cupiditate,
535 261 597 289 sine
619 259 802 296 impotentia,
833 258 924 295 quieti
950 267 993 286 se-

180 302 321 338 cretique.

142 341 177 368 11.
202 343 227 375 1,
249 341 266 368 D
297 342 415 368 senecta
445 347 480 366 ae
510 337 664 366 debilitate
688 337 796 373 pedum
824 335 994 371 invalidum,

180 380 241 407 siue
265 378 441 411 constantia,
463 377 526 405 sine
547 376 734 404 auctoritate.

104 440 110 446 .
141 418 213 446 felix
235 417 307 447 illud
329 421 367 452 et,
389 419 421 444 ut
441 424 521 443 more
536 417 636 442 nostro
651 414 767 451 loquar,
790 422 910 442 aureum
932 421 994 441 sae-

142 458 248 485 culum.

142 495 177 523 Gr.
199 497 216 523 2
238 496 395 524 immensus
416 493 494 520 ultra
515 494 606 529 utque
630 492 672 520 sic
701 491 824 520 dixerim
854 491 996 519 adversus

181 534 326 563 Oceanus.

143 573 245 609 optimi
267 574 295 601 et
316 571 344 599 in
366 571 507 606 quantum
529 577 602 605 opus
625 572 670 597 est
691 568 874 597 disertissimi
895 567 959 596 viri.

143 611 278 640 Secundo
299 617 390 646 purus
411 611 441 636 et
455 616 575 644 pressus
597 610 626 636 et
647 608 677 636 in
699 610 840 645 quantum
851 607 923 635 satis
934 608 998 634 erat

145 651 292 686 profluens
314 656 409 676 sermo
431 655 490 675 non
511 646 613 675 defuit.

150 689 186 717 A.
210 691 255 718 13.
277 690 294 716 3
317 687 336 715 t'.
358 686 494 722 Augusto
516 688 653 721 prompta
678 694 713 714 ae
734 685 892 721 profluens,
922 692 998 720 quae

182 727 301 756 deceret
321 725 493 762 principem,
516 724 686 760 eloquentia
707 724 771 752 fuit.

146 767 195 795 illa
217 765 379 794 secretiora
400 766 429 791 et
449 765 564 790 tantum
585 763 656 798 ipsis
678 762 831 791 orantibus
850 764 932 789 nota.

145 806 181 833 ll.
204 806 231 841 2,
252 805 289 832 45
312 802 458 838 expeditis
480 804 509 829 et
529 803 643 829 tantum
655 801 693 829 ad
703 801 846 837 proelium
860 799 998 836 egressis.

145 844 181 872 (ἱ.
203 845 221 871 4
243 843 262 871 f.
284 850 393 877 magua
415 849 541 877 corpora
561 842 589 868 et
610 843 725 868 tantum
746 840 785 868 ad
799 839 939 875 impetum
949 846 999 866 va-

184 882 253 910 lida.

146 920 181 949 G.
204 922 240 949 29
271 918 400 955 exempti
429 917 567 945 oneribus
597 920 627 946 et
649 917 864 946 conlationibus
887 919 916 945 et
937 918 998 944 tan-

184 962 246 988 tum
267 959 296 987 in
317 966 402 986 usum
423 956 601 992 proeliorum
622 956 754 992 sepositi.

147 1001 264 1027 veteres
286 1000 315 1025 et
337 996 405 1024 olim
426 998 521 1023 natos.

145 1046 225 1065 more
246 1035 341 1064 veteri
370 1037 398 1064 et
425 1043 442 1062 a
462 1033 570 1061 vestris
591 1032 775 1070 philosophis
806 1041 896 1069 saepe
926 1032 999 1061 cele-

146 1077 242 1104 brato.

147 1114 182 1143 G.
205 1116 222 1143 5
244 1114 264 1142 f.
295 1112 451 1149 pecuniam
479 1113 610 1139 veterem
632 1114 661 1140 et
683 1111 733 1139 diu
753 1114 862 1139 notam.

183 1153 325 1181 inclutum
348 1154 376 1179 et
397 1152 497 1178 notum
519 1149 596 1177 olim.

144 1192 201 1228 Ag.
225 1192 261 1219 14
289 1193 391 1218 vetere
413 1197 448 1217 ae
473 1188 530 1216 iam
551 1188 665 1224 pridem
693 1191 813 1225 recepta
843 1187 945 1224 populi
966 1187 999 1215 R.

184 1228 406 1258 consuetudine.

145 1270 182 1297 H.
205 1270 232 1305 2,
254 1268 291 1296 38
312 1270 397 1295 vetus
423 1275 457 1294 ac
486 1265 543 1295 iam
573 1266 687 1303 pridem
717 1266 806 1295 insita
827 1264 1000 1294 mortalibus

185 1306 337 1344 potentiae
359 1305 475 1342 cupido.

146 1346 181 1374 A.
205 1346 251 1381 13,
274 1346 310 1372 19
332 1344 352 1372 f.
374 1347 478 1372 vetera
499 1347 527 1372 et
549 1344 668 1380 saepius
688 1344 747 1372 iam
768 1343 879 1371 audita.

146 1387 181 1413 A.
206 1385 251 1419 15,
273 1384 290 1411 5
311 1386 397 1410 vetus
418 1384 447 1410 et
467 1383 584 1420 penitus
605 1382 734 1410 infixum.

145 1424 180 1451 G.
206 1424 224 1450 ‘2
246 1422 265 1449 f.
288 1421 465 1449 vocabulum
487 1429 590 1456 recens
611 1424 640 1449 et
660 1430 754 1457 nuper
775 1420 914 1448 additum.

147 1461 182 1490 G.
205 1462 240 1488 13
261 1459 479 1488 robustioribus
501 1468 535 1487 ae
556 1459 614 1487 iam
634 1460 749 1496 pridem
769 1459 912 1495 probatis.

146 1501 181 1529 A.
203 1501 231 1534 4,
252 1500 290 1527 43
311 1507 388 1526 novo
410 1507 445 1526 ae
466 1501 528 1526 tum
549 1499 674 1534 primum
695 1498 796 1526 audito
819 1497 947 1526 erimine.

144 1537 368 1567 inexercitatam
389 1539 417 1565 et
440 1536 583 1566 eiusmodi
614 1536 804 1571 certaminum
833 1536 934 1564 rudem
955 1544 1000 1564 sa-

146 1577 297 1614 pientiam.

905 1109 940 1138 G.
962 1110 996 1137 41

108 1639 114 1646 .
146 1617 256 1644 inertes
277 1617 306 1643 et
325 1622 385 1642 non
405 1614 556 1643 suffecturi
577 1614 747 1643 honoribus.

146 1655 183 1683 H.
206 1657 232 1690 1,
254 1654 291 1681 Se*
312 1653 411 1689 segnis
433 1656 462 1681 et
483 1654 576 1682 oblita
596 1654 740 1682 bellorum
761 1653 909 1681 nobilitas.

145 1694 181 1722 A.
202 1694 230 1729 3,
250 1693 286 1720 46
307 1691 450 1720 inconditi
471 1701 506 1721 ae
526 1693 648 1721 militiae
669 1691 761 1720 neseii
781 1691 932 1728 oppidani.

147 1734 183 1761 A.
206 1733 233 1768 3,
255 1732 291 1759 33
312 1739 349 1758 m.
390 1731 568 1760 imbecillum
609 1734 638 1760 et
672 1731 814 1767 imparem
848 1729 1001 1758 laboribus

147 1778 303 1838 audffiiltlffii-
324 1810 354 1836 et
374 1810 529 1844 poetarum
550 1818 639 1846 quam
660 1810 810 1837 oratorum
832 1806 962 1835 similior.

148 1848 326 1915 cquligtrlfizoffg
347 1847 387 1875 ad
407 1847 666 1876 demonstrandam
692 1847 769 1883 eloq.
791 1846 948 1874 utilitatem
969 1845 1000 1873 il-

111 1949 118 1955 .
149 1926 246 1955 mitior
268 1926 296 1953 01
319 1923 505 1960 eloquentiae
526 1927 617 1961 temp.
639 1927 730 1953 nostr.
751 1924 846 1952 minus
866 1923 967 1951 iratus.

147 1965 275 1993 leviores
298 1965 327 1990 et
347 1963 440 1991 minus
461 1964 636 1999 prudentiae
658 1963 819 1999 exigentes.

149 2004 183 2032 G.
205 2004 241 2031 39
272 2005 303 2030 111
335 2002 428 2029 minor
458 2005 487 2030 et
515 2004 694 2039 potestatem
723 2001 847 2030 numinis
873 2009 943 2037 prae
970 2009 1001 2027 sc.

186 2042 294 2070 ferens.

148 2081 281 2117 privatas
303 2082 331 2108 et
353 2079 447 2107 nostri
470 2079 579 2107 saeculi
600 2079 826 2108 controversias.

149 2128 292 2156 perquam
314 2120 403 2148 breve
426 2122 454 2147 et
476 2118 505 2146 in
526 2118 658 2154 proximo
681 2121 733 2147 est.

112 2180 117 2184 .
148 2158 272 2186 inlustre
295 2161 323 2186 et
345 2158 464 2193 dignum
486 2157 635 2185 memoria.

149 2197 206 2232 Ag.
228 2198 244 2223 ἴ)
266 2196 455 2226 exercitatior
475 2194 629 2232 magisque
650 2196 679 2224 in
700 2197 838 2234 ambiguo
860 2197 923 2227 fuit.

995 85 1037 115 03

1050 336 1095 380 11].

1051 492 1097 518 41.

1052 568 1098 608 11.

1054 609 1099 635 11).

1052 647 1098 674 31.

1126 180 1182 216 Ag.
1204 181 1221 208 6
1244 179 1326 208 dives
1348 188 1382 208 ac
1404 182 1510 216 parata
1531 177 1733 215 peccantibus.

1125 220 1181 255 Ag.
1204 220 1241 246 10
1261 218 1376 254 pigrum
1399 221 1427 246 et
1448 226 1540 254 grave
1561 217 1782 253 remigantibus.

1125 258 1162 285 H.
1183 259 1210 293 3,
1233 258 1270 285 To
1299 257 1414 293 privato
1446 261 1474 286 et
1504 265 1618 285 omnem
1640 255 1822 291 principatus
1851 254 1979 292 speciem

1164 295 1278 324 vitanti.

1126 343 1263 370 magnam
1284 337 1312 362 et
1335 334 1452 370 diguam
1474 336 1603 362 tractatu
1624 333 1837 370 quaestionem.

1088 395 1094 402 .
1125 373 1296 409 negotiosos
1318 376 1346 400 ct
1367 373 1455 401 rebus
1476 373 1613 401 intentos

1126 412 1201 440 fictis
1231 420 1285 439 nee
1312 411 1371 439 ullo
1402 411 1487 440 modo
1518 411 1556 439 ad
1586 411 1740 439 veritatem
1770 410 1979 439 accedentibus

1128 450 1344 478 controversiis.

1127 498 1185 517 non
1207 489 1380 517 emendatae
1410 497 1464 517 nec
1494 497 1587 525 usque
1618 488 1656 516 ad
1677 490 1778 516 votum
1800 488 1980 524 compositae

1130 528 1269 556 civitatis.

1129 566 1280 594 invidiosis
1303 569 1331 594 et
1353 565 1562 595 excedentibus
1588 565 1706 593 modum
1727 564 1958 593 defensionibus.

1128 605 1268 633 immanes
1288 605 1355 633 illos
1376 608 1406 633 et
1426 605 1464 632 ad
1485 613 1615 640 pugnam
1635 608 1721 632 natos
1746 603 1884 631 lacertos.

1130 647 1216 680 aptos
1238 647 1266 672 et
1287 644 1315 671 in
1338 653 1451 672 omnem
1473 643 1701 679 disputationem
1725 644 1848 678 paratos
1869 642 1960 670 locos.

1131 683 1166 710 A.
1189 685 1234 718 11,
1257 683 1294 710 13
1315 683 1334 711 f.
1356 683 1559 718 intentumque
1581 686 1610 709 et
1630 681 1744 717 magnis
1766 680 1881 708 delictis
1902 680 1981 709 inex-

1170 721 1321 750 orabilem.

1131 761 1167 788 H.
1190 762 1216 795 3,
1239 761 1274 787 73
1306 760 1375 789 fieta
1405 759 1479 788 haec
1505 762 1533 788 et
1560 759 1589 786 in
1611 758 1737 795 gratiam
1757 757 1885 785 Muciani
1908 767 1982 787 com-

1169 799 1276 836 posita.

1131 839 1166 866 A.
1190 840 1236 872 11,
1258 840 1292 866 11
1315 838 1335 866 f.
1369 838 1506 867 fabulosa
1527 841 1557 865 et
1578 836 1706 864 externis
1728 834 1877 863 miraculis
1907 833 1983 861 adsi<

1171 877 1282 905 milata.

1133 917 1168 945 A.
1190 917 1217 952 G,
1238 917 1275 945 23
1296 916 1316 944 f.
1338 915 1451 943 ineerta
1472 917 1501 943 et
1521 914 1665 942 fabulosis
1687 916 1784 941 aucta.
1809 912 1865 948 Ag.
1877 911 1914 939 39
1927 910 1983 938 for-

1171 955 1299 983 tissimos
1321 963 1356 982 ae
1376 955 1465 990 longa
1487 961 1561 989 paee
1583 953 1762 988 exploratos.

1132 995 1189 1030 Ag.
1211 995 1248 1022 33
1269 994 1379 1021 lactum
1390 996 1418 1021 et
1430 993 1478 1020 vix
1490 991 1673 1020 munimentis
1684 990 1843 1019 coercitum
1853 988 1984 1016 militem.

1132 1034 1166 1062 A.
1190 1034 1235 1067 15,
1257 1034 1293 1060 35
1316 1032 1334 1060 f.
1358 1036 1471 1060 sontem
1493 1034 1522 1059 et
1543 1030 1707 1058 defensioni
1728 1029 1830 1057 merito
1846 1026 1983 1055 diffisum.

1133 1073 1168 1100 A.
1191 1072 1236 1107 15,
1258 1073 1296 1099 44
1316 1072 1335 1098 s.
1358 1077 1457 1099 sontes
1479 1073 1508 1098 et
1528 1069 1689 1098 novissima
1703 1068 1838 1104 exempla
1852 1065 1982 1094 meritos.

1134 1112 1168 1139 A.
1192 1112 1237 1146 15,
1257 1112 1295 1138 54
1315 1112 1444 1138 maestus
1470 1113 1499 1137 et
1520 1117 1645 1144 magnae
1675 1105 1864 1143 cogitationis
1896 1103 1984 1132 mani<

1172 1149 1274 1178 festus.

1133 1189 1168 1217 A.
1192 1189 1237 1224 15,
1259 1189 1295 1216 59
1318 1187 1495 1224 degenerem
1516 1188 1545 1214 et
1565 1186 1631 1214 sola
1651 1184 1783 1221 corporis
1804 1183 1884 1211 fama
1910 1189 1987 1210 eom-

1172 1226 1349 1255 mendatum.

1097 1290 1103 1296 .
1134 1267 1220 1295 homo
1251 1274 1345 1293 novus
1371 1268 1400 1293 et
1421 1265 1449 1292 in
1475 1264 1595 1292 civitate
1620 1262 1736 1291 minime
1758 1259 1917 1289 favorabili
1937 1267 1986 1286 na-

1134 1309 1190 1334 tus.

1077 1351 1102 1372 ⁸.
1133 1353 1203 1372 usus
1224 1351 1327 1371 reeens
1348 1346 1377 1371 et
1399 1352 1435 1370 ex
1455 1342 1540 1369 malis
1560 1340 1690 1369 moribus
1712 1342 1808 1367 uatus.

1134 1385 1238 1419 parato
1261 1381 1339 1409 omni
1359 1381 1552 1409 instrumento
1575 1382 1604 1408 et
1634 1379 1672 1407 ad
1703 1386 1817 1406 omnem
1838 1385 1922 1405 usum
1944 1386 1986 1405 re-

1134 1421 1242 1457 posito.

1133 1460 1231 1488 mixtis
1254 1459 1387 1487 omnibus
1409 1460 1437 1486 ct
1459 1466 1516 1485 uuo
1538 1456 1724 1484 moderatore
1746 1454 1924 1483 carentibus.

1132 1506 1289 1535 personam
1309 1497 1470 1526 notabilem
1497 1499 1527 1524 et
1548 1504 1613 1524 eum
1635 1494 1812 1522 anctoritate
1834 1493 1987 1521 dicturam.

1138 1538 1173 1565 A.
1196 1540 1222 1573 1,
1243 1538 1279 1564 28
1300 1539 1416 1565 noctem
1437 1535 1580 1563 minacem
1600 1536 1628 1562 et
1649 1534 1679 1562 in
1699 1533 1795 1561 scelus
1810 1534 1988 1568 erupturam.

1132 1576 1267 1604 adstricti
1289 1578 1318 1603 et
1337 1575 1419 1603 101111
1439 1574 1552 1602 inclusi.

1131 1615 1296 1643 concitatus
1319 1617 1347 1642 et
1368 1614 1449 1641 velut
1470 1613 1634 1641 instinctus.

1131 1662 1251 1682 securus
1283 1656 1312 1681 et
1338 1652 1432 1680 velutv
1447 1654 1593 1688 perpetua
1622 1650 1756 1687 potentia
1781 1658 1816 1678 ac
1837 1650 1985 1685 potestate

1133 1693 1270 1720 munitus.

1095 1753 1101 1759 .
1132 1731 1286 1767 requirunt
1307 1739 1341 1759 ac
1363 1730 1445 1758 velut
1466 1737 1628 1765 agnoscere
1650 1727 1870 1763 concupiscimt.

1095 1792 1101 1797 .
1131 1778 1292 1806 agnoscere
1315 1778 1349 1797 ae
1371 1769 1451 1796 velut
1472 1768 1649 1802 coniungere
1671 1769 1700 1794 et
1722 1765 1870 1801 copulare.

1131 1809 1281 1837 nominare
1304 1811 1332 1836 et
1353 1808 1434 1836 velut
1455 1806 1483 1834 in
1505 1806 1598 1834 aciem
1620 1805 1754 1833 educere.

1131 1847 1287 1876 incohasse
1307 1850 1421 1875 tautum
1443 1848 1471 1873 ct
1493 1845 1573 1873 velut
1594 1844 1722 1880 vestigia
1752 1852 1788 1871 ae
1808 1842 1987 1870 lineamenta

1133 1886 1280 1923 quaedam
1302 1885 1475 1913 ostendisse.

1134 1926 1170 1954 H.
1192 1927 1219 1962 3,
1240 1926 1276 1952 73
1298 1924 1397 1960 segnis
1418 1927 1446 1951 ct
1467 1922 1559 1951 veluti
1580 1924 1684 1958 captus
1706 1920 1803 1948 animi.

1133 1965 1170 1992 H.
1192 1965 1219 2000 3,
1242 1964 1277 1991 75
1300 1963 1319 1991 f.
1341 1963 1477 1999 placatus
1500 1970 1534 1990 ac
1554 1961 1634 1990 velut
1655 1960 1751 1988 vicem
1773 1958 1908 1988 reddens.

1135 2004 1169 2032 A.
1192 2005 1219 2039 2,
1242 2003 1278 2030 38
1298 2011 1335 2029 m.
1365 2001 1423 2029 vim
1452 2001 1481 2028 iu
1507 2009 1552 2028 me
1583 1999 1745 2028 transieere
1766 2007 1801 2026 ac
1823 1997 1904 2026 velut
1924 2005 1988 2033 per-

1173 2042 1301 2077 fringere
1324 2040 1479 2068 aerarium.

1135 2081 1170 2109 A.
1192 2082 1218 2117 3,
1241 2081 1277 2108 53
1298 2079 1430 2107 viderem
1452 2086 1502 2106 eos
1523 2086 1558 2106 ae
1580 2077 1660 2105 velut
1683 2075 1905 2112 deprenderem.

1134 2120 1190 2156 Ag.
1212 2120 1250 2147 44
1271 2118 1291 2146 f.
1313 2118 1450 2146 continuo
1473 2119 1502 2145 et
1521 2117 1602 2144 101111
1624 2124 1681 2143 11110
1706 2115 1773 2143 10111.

1135 2158 1170 2187 G.
1191 2159 1228 2186 43
1249 2165 1356 2186 novum
1378 2165 1412 2184 ac
1433 2156 1514 2184 velut
1535 2155 1679 2183 infernum
1690 2154 1871 2190 adspectum.

1134 2197 1170 2226 A.
1193 2198 1238 2233 12,
1260 2198 1276 2224 7
1298 2196 1318 2224 f.
1340 2195 1500 2224 adductum
1521 2197 1550 2223 et
1571 2193 1656 2230 quasi
1676 2193 1761 2221 virile
1782 2190 1941 2220 servitium.

785 2279 821 2318 B.
847 2279 989 2319 ORATIO
1015 2276 1279 2318 TRIMEMBRIS.

114 2377 120 2384 .
151 2355 271 2392 Orphea
292 2359 321 2385 et
341 2356 447 2385 Linum
469 2365 512 2393 ac,
543 2356 568 2384 si
595 2356 786 2393 introspicere
812 2358 900 2386 altius
920 2358 1004 2394 velis,

153 2394 249 2430 ipsum
268 2394 443 2431 Apollinem.

153 2434 188 2460 G.
212 2434 247 2461 12
272 2433 443 2478 vebiculum
478 2437 507 2463 et
537 2436 636 2462 vestes
665 2436 703 2469 et,
734 2434 758 2462 si
779 2435 899 2464 credere
920 2435 1003 2471 velis,

190 2480 297 2500 numen
317 2481 422 2509 lpsum.

96 2517 121 2538 ·.
153 2519 275 2538 nemora
295 2519 365 2540 vero
388 2514 418 2541 et
438 2512 496 2541 luci
518 2515 547 2540 ct
568 2514 712 2541 secretum
734 2511 840 2549 ipsum,
868 2513 948 2549 quod
970 2513 1003 2541 A.

154 2549 299 2585 increpat.

1137 2356 1172 2385 G.
1195 2357 1212 2384 9
1233 2356 1315 2383 lucos
1336 2363 1371 2383 ac
1392 2362 1512 2382 nemora
1533 2353 1707 2381 consecrant
1730 2350 1910 2386 deorumque
1939 2358 1988 2377 no-

1174 2394 1300 2423 minibus
1322 2393 1473 2430 adpellant
1494 2394 1638 2420 secretum
1660 2389 1742 2425 illud,
1763 2388 1844 2425 quod
1864 2404 1910 2415 -—.

1137 2435 1194 2470 Ag.
1218 2434 1253 2461 31
1276 2432 1295 2460 f.
1337 2435 1366 2461 et
1405 2430 1606 2467 longinquitas
1646 2432 1675 2457 et
1710 2430 1855 2456 secretum
1883 2426 1987 2463 ipsum.

1137 2481 1234 2548 quug
1272 2493 1460 2547 quaesturam
1492 2516 1526 2535 ae
1562 2506 1743 2535 tribunatum
1772 2505 1868 2542 plebis
1898 2507 1987 2542 atque

1175 2550 1271 2586 ipsum
1293 2549 1380 2577 etiam
1400 2547 1567 2576 tribunatus
1588 2553 1703 2574 annum.
1807 2587 1829 2621 5
