2238 2735
214 188 256 214 10.

214 381 255 407 11.

209 1148 252 1175 13.

203 2422 247 2449 220.

225 1342 252 1368 ''-

288 185 316 213 in
338 184 432 213 forum
454 189 483 213 et
504 185 543 213 ad
565 194 671 214 causas
693 190 720 213 ct
743 185 781 213 ad
803 194 873 214 vera
895 185 1017 222 proelia.

289 224 345 260 Ag.
368 226 404 252 25
425 224 517 260 pedes
539 232 688 260 equesque
711 227 739 252 ct
761 224 898 252 nauticus
919 225 1013 252 miles.

289 263 325 291 H.
348 265 374 297 ἶ),
399 264 432 290 17
455 263 659 299 captivitatem
682 262 855 299 clademque
886 266 913 290 et
941 263 1005 290 dira
1027 263 1133 291 onmia.

289 302 323 329 A.
348 303 391 330 11.
416 303 450 329 18
470 301 488 329 f.
521 301 673 331 stationes,
696 301 826 337 vigiliae,
853 301 956 329 diurna
979 304 1134 330 nswturna-

327 348 383 376 que
406 340 512 367 munia.

286 378 443 406 comitatus
466 378 538 407 istos
560 381 587 406 ct
610 386 747 413 egressus
768 380 820 406 aut
841 377 1036 415 frequentiam
1059 379 1135 408 salu-

326 417 480 444 tatiouum.

288 454 344 491 Ag.
367 457 399 483 21
433 455 564 491 porticus
594 458 621 482 et
653 454 758 483 balnea
790 458 819 483 et
850 455 1051 483 convii-imum
1078 456 1133 484 ele-

327 494 467 529 gantiam.

288 532 324 560 11.
350 535 372 566 1,
395 534 433 559 30
462 534 563 568 stupra
594 535 621 560 et
652 532 876 561 comissationes
906 536 934 561 et
961 532 1133 561 feminarum

326 574 437 598 coetus.

289 608 324 636 11.
346 610 373 643 2,
396 610 431 636 To
453 608 471 636 f.
503 609 620 645 popinis
643 612 671 638 et
697 609 956 638 comissationibus
978 613 1006 637 et
1028 610 1134 646 princi-

326 647 372 682 pis
394 647 567 675 imitatione.

287 685 323 713 H.
344 687 372 721 4,
393 688 429 714 22
452 685 471 713 t'.
502 686 603 721 virgas
633 689 663 714 et
693 695 811 715 secures
837 689 865 714 et
888 686 1071 715 dominorum
1094 687 1133 715 in‘

325 732 422 759 genia.

287 762 323 790 Η.
346 764 372 799 3,
394 764 410 791 2
441 763 519 791 circo
550 772 666 800 quoque
696 772 731 791 ac
756 763 882 792 theatris
905 766 933 791 et
954 763 1134 792 amoenitate.

325 801 416 829 urbis.

288 839 374 905 1111,
397 842 432 868 84
475 839 611 869 domibus
645 843 674 869 et
709 841 796 869 tectis
827 844 856 869 ct
887 844 1031 877 congestu
1062 840 1132 877 lapi-

286 886 430 961 11.(.Ἐ31,ω”153
461 917 586 945 salutem
617 921 645 945 et
675 918 830 954 pecuniam
862 921 890 946 et
912 920 1027 946 secreta
1050 918 1133 946 Cam-

325 964 441 991 paulae.

286 993 322 1021 11.
344 996 371 1029 3,
393 996 428 1022 ‹3ss
458 994 613 1030 pecuniam
644 998 672 1023 et
702 994 842 1023 familiam
873 998 902 1023 et
924 995 1028 1023 beatos
1051 994 1134 1023 Cam-

323 1041 430 1068 pamac-
452 1042 542 1061 smus.

286 1070 322 1097 Η.
344 1072 371 1104 4,
393 1073 429 1099 44
451 1072 552 1099 dolore
575 1071 676 1108 iraque
699 1075 727 1100 et
749 1072 878 1109 priorum
900 1075 1064 1108 temporum
1085 1080 1133 1099 ne-

324 1110 524 1138 cessitatihus.

282 1157 301 1175 a
322 1148 570 1176 sollicitudinibus
600 1152 628 1177 et
651 1149 727 1177 euris
749 1152 778 1178 et
799 1150 979 1177 necessitate
1002 1148 1134 1185 quotidie

285 1186 398 1222 aliquid
421 1190 522 1215 contra
544 1187 673 1215 animum
695 1188 833 1216 faciendi.

284 1227 336 1253 aut
366 1225 526 1254 amicitiam
548 1242 584 1245 —-
606 1228 656 1254 aut
687 1227 854 1255 clientelam
883 1229 935 1255 ant
964 1235 1133 1254 mansurum

285 1263 314 1290 in
336 1264 432 1291 animo
455 1264 627 1301 cuiusquam
649 1265 834 1293 beneficium.

237 1304 253 1328 ⁸.
283 1304 400 1330 veteres
422 1306 450 1330 et
473 1312 558 1331 senes
581 1306 609 1331 et
631 1303 722 1331 totius
744 1304 825 1332 orbis
851 1303 949 1340 gratia
981 1303 1133 1331 subnixos.

284 1339 401 1369 fabulas
424 1350 541 1377 quoque
563 1350 662 1369 eorum
685 1345 713 1370 ct
735 1343 952 1379 disputationes
974 1344 1003 1369 ct
1023 1351 1134 1369 areana

284 1383 414 1407 semotae
438 1380 584 1408 dictionis.

283 1418 340 1453 Ag.
364 1420 399 1446 13
431 1418 577 1446 delectum
606 1428 641 1446 ac
673 1419 784 1447 tributa
812 1422 840 1447 et
866 1419 997 1447 iniuncta
1018 1418 1133 1454 imperii

322 1465 453 1484 munera.

282 1494 339 1530 Ag.
361 1497 395 1523 41
419 1495 551 1531 vigorem
574 1498 603 1523 et
625 1497 822 1524 constantiam
845 1499 874 1524 et
896 1497 1048 1531 expertum
1063 1495 1134 1523 belli

322 1542 459 1561 annuum.

284 1571 319 1599 G.
342 1574 377 1600 37
399 1573 505 1600 molem
528 1581 690 1609 manusque
712 1574 810 1609 gentis
832 1576 860 1601 et
883 1575 943 1601 tam
959 1571 1059 1609 magni
1075 1571 1132 1599 exi-

322 1614 369 1639 tus
391 1611 488 1639 tidem.

284 1649 319 1676 H.
343 1652 367 1685 1,
392 1651 427 1678 18
458 1650 588 1678 tonitrua
611 1653 639 1678 et
661 1649 779 1686 fulgura
811 1653 839 1678 et
870 1650 1015 1678 caelestes
1037 1650 1134 1678 minae

321 1689 398 1716 ultra
421 1688 548 1716 solitum.

282 1726 319 1754 11.
341 1729 368 1763 4,
391 1729 427 1755 73
448 1727 467 1754 f.
490 1727 582 1755 libido
603 1730 694 1764 atque
717 1727 845 1756 avaritia
868 1730 897 1755 ct
911 1727 1071 1755 mutandae
1087 1736 1129 1756 se—

319 1765 364 1793 dis
386 1775 477 1793 amor.

281 1804 318 1832 11.
339 1806 366 1839 4,
390 1806 424 1832 17
446 1804 465 1832 f.
489 1805 634 1833 servirent
658 1805 744 1841 Syria
761 1804 892 1841 Asiaque
914 1807 943 1833 et
965 1807 1066 1833 suetus
1088 1814 1130 1833 re-

321 1843 408 1879 gibus
431 1843 545 1871 Oriens.

282 1882 318 1909 11.
341 1883 368 1918 4,
391 1884 427 1910 38
449 1891 537 1917 snper
557 1891 639 1909 arma
661 1884 689 1909 et
713 1882 793 1910 viros
819 1884 847 1910 et
875 1881 996 1918 egregia
1019 1884 1129 1910 castro-

321 1929 383 1948 rum
405 1921 594 1948 munimenta.

282 1958 318 1986 11.
341 1962 367 1995 3,
390 1961 425 1987 41
456 1959 501 1986 vis
529 1962 556 1987 et
584 1958 708 1994 pecunia
731 1962 759 1987 et
781 1959 892 1987 ruentis
913 1959 1050 1988 fortunae
1080 1968 1129 1987 no-

321 1998 441 2026 vissima
464 1997 566 2025 libido.

282 2036 318 2064 11.
340 2038 366 2073 3,
389 2038 424 2065 25
446 2036 618 2064 miraculum
640 2038 669 2064 et
692 2039 812 2072 questus
834 2039 862 2064 et
877 2036 1043 2065 saevissimi
1059 2037 1128 2066 belli

322 2075 498 2103 exsecratio.

281 2113 316 2141 11.
339 2116 365 2149 4,
387 2116 423 2141 32
445 2123 482 2141 m.
504 2122 605 2141 necem
627 2113 727 2141 fratris
749 2116 777 2141 et
800 2114 917 2141 vincula
939 2123 1004 2142 mea
1022 2116 1050 2142 et
1066 2122 1127 2142 sae-

319 2153 456 2180 vissimas
477 2152 563 2180 huius
586 2152 733 2180 exereitus
754 2161 853 2180 voces.

280 2190 316 2218 11.
338 2193 364 2227 3,
388 2193 424 2219 158
445 2191 625 2227 fratremque
647 2193 677 2218 et
699 2190 853 2226 coniugem
875 2193 903 2219 et
926 2191 1075 2219 innoxiam
1096 2190 1127 2218 li-

319 2230 453 2257 berorum
476 2232 614 2257 aetatem.

279 2267 314 2295 A.
337 2270 363 2303 2,
387 2270 421 2296 14
442 2269 503 2305 pila
525 2271 553 2296 ct
574 2267 692 2304 gladios
713 2270 741 2296 et
763 2267 916 2296 hacrentia
933 2268 1048 2305 corpori
1064 2271 1125 2304 teg-

319 2316 407 2335 mma.

280 2345 314 2372 A.
339 2347 382 2379 15,
405 2347 422 2373 Γ»
443 2345 462 2373 s.
490 2345 601 2373 tributa
623 2354 657 2373 ac
679 2345 762 2381 leges
784 2347 812 2372 et
843 2353 895 2380 pro
923 2346 1027 2374 umbra
1048 2346 1128 2382 regis

318 2384 481 2412 Romanum
503 2384 556 2411 ius.

279 2422 408 2451 intinitus
430 2423 515 2450 labor
536 2425 565 2450 et
587 2421 761 2459 quotidiana
782 2421 937 2450 meditatio
959 2425 988 2451 et
1010 2423 1127 2451 inomni

279 2469 386 2493 genere,
409 2461 570 2489 studiorum
592 2460 736 2488 adsiduae
759 2460 1000 2489 exercitationes.

281 2500 363 2527 (2:53
385 2509 436 2528 seu
458 2499 614 2535 superbiae
637 2499 715 2532 odio,
738 2507 788 2526 seu
810 2498 939 2534 praedae
962 2499 1126 2537 dulcedine,

318 2546 368 2565 seu
391 2538 491 2565 favore
514 2537 641 2574 quodam
664 2546 736 2573 erga
759 2545 811 2565 nos
834 2536 964 2566 deorum.

1144 90 1185 121 34

1192 420 1235 446 10.

1189 808 1234 835 39.

1190 1196 1234 1222 18.

1190 1235 1233 1262 18.

1190 1273 1234 1300 18.

1185 1851 1230 1878 37.

1185 1890 1230 1917 31.

1183 1967 1230 1994 30.

1183 2044 1228 2071 30.

1183 2504 1227 2532 18.

1267 188 1301 217 G.
1318 189 1335 217 8
1352 189 1519 218 constantia
1531 198 1650 226 precum
1661 192 1691 218 ct
1701 190 1819 218 obiectu
1830 194 1982 227 pcc-torum
1995 194 2023 220 ct
2033 201 2112 220 mon-

1305 229 1400 255 strata
1422 228 1553 257 cominus
1576 229 1760 265 captivitate.

1267 267 1302 294 ΙΙ.
1328 268 1352 301 1,
1374 267 1411 293 84
1432 265 1451 294 f.
1482 267 1643 295 aeternitas
1673 276 1769 295 rerum
1800 270 1829 296 et
1851 277 1909 304 pax
1931 268 2061 305 gentium
2084 271 2114 297 et

1304 313 1370 332 mea
1392 313 1455 332 cum
1477 308 1578 333 vestra
1601 306 1689 334 salus.

1266 346 1318 371 aut
1339 351 1425 370 eursu
1447 347 1696 379 argumentorum.
1719 347 1770 372 aut
1781 344 1879 372 colore
1891 345 2112 381 sententiarum,

1267 384 1319 410 aut
1339 381 1433 409 nitore
1451 384 1479 410 et
1501 383 1580 410 cultu
1604 383 1844 419 descriptionum.

1265 419 1484 448 necessitudine
1505 420 1593 448 officii
1615 424 1667 449 aut
1688 421 1745 449 tide
1767 420 1974 449 advocationis
1995 424 2047 459 aut
2056 420 2112 449 for-

1265 459 1358 487 tuitae
1380 460 1410 486 et
1432 459 1548 487 subitae
1570 459 1708 488 dictionis
1731 460 1851 496 impetn.

1281 498 1302 524 ὲ.
1324 498 1340 525 2
1362 505 1399 524 m.
1422 496 1575 525 informem
1596 498 1691 535 terris,
1722 507 1857 534 asperam
1884 498 1976 534 eaelo,
1999 498 2111 526 tristem

1305 535 1386 563 cultu
1407 535 1620 572 adspectuque.

1266 573 1301 601 A.
1323 575 1349 609 4,
1371 575 1407 601 46
1429 573 1448 601 f.
1479 573 1586 602 ferrum
1617 576 1646 602 et
1675 574 1855 603 iuventutem
1887 577 1916 603 et
1945 577 2112 611 promptum

1304 612 1436 640 libertati
1457 615 1509 640 aut
1529 612 1568 640 ad
1590 615 1712 641 mortem
1734 613 1871 641 animum.

1266 650 1302 679 Η.
1325 652 1351 687 3,
1375 652 1408 678 17
1430 650 1449 678 f.
1471 651 1608 687 spoliare,
1632 660 1747 687 capere,
1777 661 1859 679 arma
1881 660 2032 688 equosque
2062 651 2112 679 ab·

1304 689 1410 725 ripere.
1432 689 1469 717 H.
1491 691 1518 725 2,
1540 690 1576 717 56
1598 690 1736 725 spoliare,
1758 699 1872 726 rapere,
1900 690 1929 717 vi
1951 693 1981 718 et
2003 690 2112 726 stupris

1305 728 1446 764 polluere.
1486 727 1521 755 A.
1545 729 1588 764 13,
1612 731 1629 756 3
1650 728 1669 756 f.
1697 729 1822 765 caelare,
1852 729 1984 764 pingere,
2008 731 2113 756 cantus

1304 768 1355 794 aut
1376 766 1507 802 regimen
1529 775 1669 802 equorum
1691 775 1837 795 exercere..

1265 805 1420 834 clientelae
1441 813 1558 841 quoque
1580 813 1614 832 ac
1635 804 1729 833 tribus
1751 807 1779 832 et
1789 805 2012 841 municipiorum
2023 805 2112 833 etiam

1266 843 1431 880 legationes
1453 852 1488 871 ae
1509 852 1578 879 pars
1599 843 1714 871 Italiac.

1265 884 1313 912 vel
1334 882 1372 910 ad
1394 881 1551 910 utilitatem
1573 881 1760 917 fructuosius,
1790 882 1838 909 vel
1867 881 1906 909 ad
1936 881 2113 917 dignitatem

1266 921 1402 958 amplius,
1427 921 1475 948 vel
1500 919 1539 947 ad
1568 920 1650 948 urbis
1676 919 1784 948 famam
1814 920 1975 956 pulchrius,
2005 921 2053 948 vel
2073 920 2112 948 ad

1267 961 1358 989 totins
1388 958 1501 995 imperii
1530 961 1620 995 atque
1651 959 1779 986 omnium
1812 959 1943 994 gentium
1974 958 2110 987 notitiam

1266 998 1427 1027 inlustrius.

1267 1039 1304 1067 Η.
1325 1040 1352 1073 2,
1375 1038 1411 1065 76
1440 1045 1498 1063 non
1520 1035 1664 1063 adversus
1691 1035 1751 1063 divi
1781 1035 1908 1071 Augusti
1938 1035 2111 1063 acerrimum

1302 1077 1440 1110 mentem,
1470 1083 1524 1102 nec
1545 1073 1689 1102 adversus
1712 1074 1913 1102 cautissimam
1934 1073 2048 1102 Tiberii
2069 1083 2111 1101 se-

1303 1115 1461 1149 nectutem,
1490 1121 1527 1140 ne
1558 1115 1660 1140 contra
1688 1113 1743 1141 Grai
1770 1113 1888 1149 quidem
1918 1114 1971 1140 aut
1996 1112 2112 1140 Claudii

1303 1154 1350 1183 vel
1371 1151 1500 1180 Neronis
1521 1150 1674 1179 fundatam
1696 1151 1785 1187 longo
1806 1150 1928 1187 imperio
1951 1150 2078 1178 domum.

1265 1193 1363 1222 mitior
1384 1193 1413 1218 et
1434 1189 1548 1218 dulcior
1569 1192 1598 1217 et
1620 1189 1649 1217 in
1664 1189 1763 1218 verbis
1778 1189 1873 1225 magis
1892 1189 2074 1217 elaboratus.

1264 1232 1383 1260 inflatus
1406 1231 1435 1256 et
1457 1230 1571 1256 tumens
1593 1236 1646 1255 nee
1669 1228 1742 1256 satis
1763 1236 1892 1264 pressus.

1267 1279 1356 1307 supi-a
1377 1266 1495 1296 modum
1517 1267 1670 1294 exsultans
1692 1269 1720 1294 et
1743 1266 1927 1303 superfluens
1958 1268 1988 1294 et
2008 1274 2111 1301 parum

1265 1309 1414 1345 antiquus.

1263 1348 1320 1384 Ag.
1342 1349 1359 1376 9
1381 1352 1484 1374 secura
1506 1346 1535 1371 et
1557 1343 1690 1371 obtusior
1712 1346 1741 1371 et
1761 1344 1847 1379 plura
1867 1351 1956 1370 manu
1977 1350 2081 1378 agens.

1264 1386 1321 1423 Ag.
1343 1387 1378 1414 21
1402 1382 1528 1418 dispersi
1548 1391 1584 1410 ac
1605 1382 1693 1410 rudes
1715 1390 1808 1418 eoque
1830 1381 1859 1409 in
1881 1381 1960 1409 bella
1981 1380 2094 1409 faciles.

1265 1425 1300 1453 G.
1324 1426 1358 1452 12
1379 1424 1505 1458 ignavos
1527 1422 1556 1448 et
1578 1420 1711 1448 imbelles
1733 1423 1762 1448 et
1785 1428 1907 1456 corpore
1929 1418 2064 1446 infames.

1267 1463 1303 1491 Η,
1324 1464 1351 1498 2,
1373 1463 1410 1490 29
1432 1458 1572 1486 deformis
1593 1461 1622 1486 et
1643 1458 1716 1486 fiens
1738 1461 1767 1486 et
1787 1460 1907 1494 practer
1928 1466 2009 1493 spem
2034 1457 2112 1485 inco-

1267 1502 1400 1568 siiiclciiias·
1411 1538 1440 1565 et
1470 1534 1586 1571 integra
1608 1537 1637 1563 et
1661 1535 1750 1563 nullis
1771 1534 1972 1571 pravitatibus
1994 1534 2113 1563 detorta

1265 1595 1303 1599 —
1343 1598 1351 1605 ι
1405 1585 1438 1603 Ἦ.

1266 1618 1303 1645 Η,
1323 1580 1411 1652 {Lagi
1432 1612 1563 1640 sincerus
1585 1614 1614 1640 et
1635 1612 1751 1648 integer
1772 1615 1801 1640 et
1823 1611 1976 1641 servitutis
2002 1610 2113 1639 oblitus

1326 1664 1342 1683 o
1367 1655 1440 1682 ulus.

1264 1663 1512 1729 G.p4ppropriam
1535 1691 1564 1717 et
1584 1689 1729 1717 sinceram
1752 1691 1780 1717 et
1799 1691 1913 1718 tantum
1929 1689 1974 1717 sui
1989 1687 2112 1717 similem

1300 1734 1432 1769 gentem.

1262 1773 1298 1801 H.
1320 1773 1346 1805 3,
1369 1772 1405 1799 39
1427 1767 1446 1796 f.
1471 1769 1602 1802 sanetus,
1633 1766 1810 1802 inturbidus,
1832 1766 1942 1795 nullius
1963 1764 2109 1802 repentini

1300 1808 1429 1838 honoris.

1261 1848 1349 1877 altior
1370 1849 1399 1875 et
1421 1844 1567 1874 excelsior
1588 1847 1617 1872 et
1633 1843 1691 1872 illis
1706 1843 1864 1872 nobilitata
1881 1841 2110 1871 discriminibus.

1261 1887 1327 1915 fusa
1349 1888 1378 1914 et
1399 1880 1566 1921 aequabilis
1588 1885 1617 1911 et
1638 1892 1675 1911 ex
1697 1882 1900 1910 communibus
1927 1881 2015 1909 ducta
2046 1888 2109 1909 scn-

1262 1926 1296 1953 .·'l
1311 1935 1318 1953 ι
1332 1935 1353 1953 s.

1261 1935 1437 1992 adstrictum
1468 1963 1497 1989 et
1527 1960 1691 1988 conlectum
1723 1962 1751 1987 et
1782 1959 1898 1996 singula
1920 1957 2020 1987 statim
2043 1966 2109 1986 con—

1261 2003 1392 2031 cludens.

1258 2041 1381 2078 pulchre
1403 2041 1433 2067 ct
1455 2040 1557 2066 ornate
1580 2040 1608 2065 ct
1630 2037 1669 2065 ad
1690 2036 1928 2073 persuadendum
1949 2037 2029 2071 apte.

1259 2080 1316 2114 Ag.
1338 2081 1372 2107 31
1397 2077 1503 2113 integri
1525 2079 1554 2104 et
1575 2076 1709 2104 indomiti
1740 2078 1769 2103 et
1791 2075 1818 2102 in
1840 2075 2019 2110 libertatem,
2051 2082 2108 2101 non

1299 2119 1327 2146 in
1348 2115 1561 2154 paenitentiam
1589 2114 1727 2142 bellatmi
1749 2114 1798 2151 (ex
1819 2122 1885 2141 mea
1906 2112 1991 2148 eoni.,
2014 2111 2108 2140 Codd.

1299 2155 1387 2184 laturi
1404 2176 1410 2182 .

1260 2196 1296 2223 ΙΙ.
1319 2197 1346 2231 4,
1368 2154 1425 2222 2)f.
1448 2192 1549 2220 tristes
1571 2194 1600 2220 et
1621 2194 1719 2220 truces
1750 2193 1778 2219 et
1804 2189 1962 2218 adversum
1983 2189 2107 2225 plausus

1298 2242 1334 2261 ae
1355 2231 1508 2260 lasciviam
1531 2231 1699 2258 insultantis
1721 2229 1801 2265 vulgi
1824 2227 1998 2256 immobiles.

1260 2273 1296 2300 H.
1319 2273 1346 2302 2,
1369 2272 1405 2299 63
1435 2269 1532 2297 onmia
1562 2269 1748 2305 indisposita,
1779 2267 1949 2302 temulenta,
1979 2266 2107 2302 pervigi-

1299 2310 1346 2337 liis
1367 2318 1402 2337 ae
1425 2307 1658 2336 bacchanalibus
1687 2314 1774 2343 quam
1797 2305 1971 2341 disciplinae
2002 2307 2031 2333 et
2061 2313 2107 2332 ea-

1300 2348 1369 2376 stris
1391 2346 1553 2383 propriora.

1223 2408 1229 2415 .
1260 2386 1432 2415 adstrictior
1463 2383 1581 2419 Calvus,
1609 2382 1791 2411 numerosior
1820 2381 1950 2417 Asinius,
1979 2381 2106 2418 splendi-

1260 2425 1324 2453 dior
1346 2424 1466 2458 Caesar,
1497 2423 1617 2459 gravior
1637 2422 1755 2457 Brutus,
1775 2420 1977 2448 vehementior
1998 2422 2027 2448 et
2047 2420 2106 2456 ple-

1258 2463 1323 2491 nior
1344 2465 1373 2491 et
1394 2461 1542 2490 valentior
1563 2460 1674 2488 Cicero.

1260 2502 1304 2530 sic
1327 2501 1432 2530 Catoni
1454 2499 1515 2528 seni
1537 2500 1725 2534 comparatus
1757 2497 1788 2525 (J.
1816 2496 1968 2525 Gracchus
1992 2495 2108 2533 plenior

1258 2543 1287 2569 et
1308 2539 1437 2576 uberior,
1460 2537 1501 2567 sie
1515 2536 1649 2566 Graccho
1661 2535 1780 2573 politior
1790 2538 1818 2565 et
1829 2535 1960 2564 ornatior
1971 2534 2106 2569 Crassus,
