2238 2735
140 747 229 804 Post
254 771 341 804 leves
356 773 449 804 Beati
467 772 613 804 Rhenani
630 772 655 809 ¹)
680 772 876 813 suspiciones
901 772 1096 803 clarissimus
1121 772 1176 803 ille
1199 772 1372 814 sospitator
1396 772 1512 812 Taciti,
1538 774 1649 805 Justus
1675 773 1805 814 Lipsius
1825 772 1861 812 ²),
1887 784 2061 806 sermonen»

141 827 249 850 eorum
273 827 352 857 quos
377 818 509 849 Tacitus
534 819 711 858 composuit
735 817 833 849 libros
859 820 889 848 et
915 816 1046 857 dialogi,
1084 817 1138 856 qui
1163 816 1203 848 de
1228 818 1407 849 oratoribus
1429 817 1621 858 inscribitur,
1658 818 1754 849 valde
1791 818 1950 850 diversum
1983 829 2063 859 esse,

141 862 262 903 primus
287 861 376 893 vidit.
403 863 439 893 ln
464 863 576 893 Tacito
606 862 700 901 enim,
730 866 764 892 ut
794 861 894 902 ipsius
919 862 1019 892 verba
1043 861 1197 895 adseram,
1227 862 1336 893 stilum
1361 862 1406 893 ait
1435 863 1639 893 constrictum
1664 863 1793 902 ubique,
1820 867 1964 903 teretem,
1990 874 2063 895 acn-

142 912 219 943 tum,
245 910 275 937 et
299 916 445 938 severum
470 907 573 946 magis
607 916 703 946 quam
732 906 884 947 lepidum,
920 906 951 936 in
986 906 1115 945 dialogo
1144 907 1248 937 omnia
1278 911 1401 938 contra:
1438 917 1541 946 neque
1566 908 1682 938 mutari
1706 908 1796 938 illum
1820 908 1852 938 in
1877 912 1984 939 aetate
2009 912 2064 939 aut

142 954 330 990 argumento
355 961 507 990 umquam
531 951 673 992 potuisse
697 951 753 991 ita,
780 955 813 982 ut
839 961 967 991 prorsus
992 961 1011 981 a
1035 961 1105 982 sese
1130 951 1271 982 abiisset.
1297 951 1462 990 Quidquid
1481 951 1590 983 Cicero
1606 952 1778 992 scripserit,
1804 952 1937 992 iuvenis,
1954 962 2063 992 senex,

142 994 351 1036 philologum,
376 996 614 1036 philosophum:
639 996 673 1026 in
696 995 741 1027 eis
767 999 874 1026 tamen
899 995 1094 1027 lineamenta
1120 995 1279 1035 quaedam
1303 995 1461 1036 adparere
1486 996 1629 1027 ciusdem
1653 997 1711 1027 viri
1737 1001 1767 1027 et
1792 997 1912 1028 vultus:
1936 1007 1994 1028 nec
2008 997 2064 1028 ali<

141 1044 190 1071 ter
220 1040 289 1071 fieri
328 1040 360 1071 in
392 1041 536 1072 omnibus
568 1040 668 1072 nobis.
715 1041 827 1080 Neque
870 1040 997 1071 Curtius
1030 1040 1171 1071 Pichena
1204 1040 1366 1071 dubitavit
1406 1040 1477 1071 huic
1511 1041 1613 1081 Lipsii
1652 1041 1692 1072 de
1726 1040 1854 1081 dialogo
1888 1042 2066 1073 sententiae

139 1084 321 1125 suffragari,
356 1085 410 1124 qui
439 1095 567 1126 prorsus
596 1085 675 1116 nihil
704 1084 755 1116 hic
788 1095 867 1122 esse,
904 1084 989 1123 quod
1014 1085 1118 1116 Taciti
1152 1084 1285 1125 phrases
1309 1085 1482 1124 stilumque
1506 1085 1660 1122 redoleat,
1693 1085 1781 1116 haud
1804 1086 1955 1126 ambigue
1984 1086 2065 1117 iudi-

140 1129 234 1160 cavit.
280 1129 330 1160 Ex
359 1139 395 1161 eo
420 1134 562 1170 tempore
586 1130 677 1161 multi
706 1129 899 1161 exstiterunt
924 1129 1067 1161 homines
1092 1129 1239 1160 doctrina
1264 1134 1294 1160 et
1320 1130 1449 1169 ingenio
1474 1130 1752 1170 praestantissimi,
1779 1130 1833 1170 qui
1855 1131 1968 1161 talium
1984 1131 2064 1162 viro-

141 1183 211 1204 rum
238 1174 378 1213 vestigia
408 1179 686 1214 persequerentur,
712 1184 838 1214 unoque
863 1183 916 1205 ore
941 1175 1188 1214 conclamarent,
1214 1174 1412 1205 intercedere
1436 1178 1561 1205 tantam
1584 1175 1616 1205 in
1641 1184 1758 1214 genere
1783 1174 1911 1206 dicendi
1936 1174 2066 1207 diversi-

144 1222 254 1256 tatem,
287 1222 322 1249 ut
346 1218 413 1249 fieri
438 1229 498 1250 non
533 1224 651 1260 posset,
677 1219 753 1258 quin
778 1218 914 1249 eundem
944 1219 1132 1259 scriptorem
1161 1222 1227 1249 tam
1256 1219 1378 1260 dispari
1407 1219 1559 1250 orationis
1588 1219 1689 1250 10111111
1718 1219 1764 1250 1111
1788 1219 1932 1260 potuisse
1957 1230 2066 1252 omnes

141 1272 219 1294 sano
243 1262 361 1295 iudicio
394 1263 535 1304 praediti
560 1267 725 1304 negarent.
773 1264 889 1295 Nostra
913 1263 1113 1304 potissimum
1142 1267 1249 1295 aetate
1279 1263 1341 1295 duo
1370 1264 1526 1304 imprimis
1551 1263 1635 1295 docti
1660 1264 1719 1294 viri
1744 1264 1825 1295 hanc
1853 1264 1938 1296 viam
1964 1264 2067 1305 Lipsii

141 1307 332 1338 auctoritate
356 1309 591 1347 praemunitam
616 1312 690 1339 sunt
713 1308 866 1348 ingressi:
890 1308 976 1338 Frid.
1001 1309 1081 1348 Aug.
1106 1308 1312 1339 111-1151610105
1337 1312 1367 1339 61
1394 1308 1430 1339 G.
1456 1308 1684 1349 Bernhardyus
1709 1308 1743 1343 ³).

233 1351 419 1382 Concedunt
443 1351 491 1381 illi
516 1352 645 1390 quidem
670 1352 847 1391 antiquitus
871 1351 992 1382 tradita
1026 1352 1208 1383 testimonia
1231 1352 1396 1392 ipsiusque
1421 1352 1519 1383 Plinii
1566 1351 1662 1393 (Epp.
1691 1354 1722 1391 9,
1750 1354 1791 1384 10
1819 1353 1869 1384 fin.
1898 1358 2065 1395 „poemata

142 1413 180 1417 -α
206 1405 288 1434 quae
313 1399 348 1426 111
372 1396 454 1426 111161
478 1405 608 1427 1161110111
632 1400 662 1427 61
686 1397 773 1427 lucos
799 1395 1057 1427 connnodissime
1081 1396 1190 1436 pertici
1217 1398 1346 1436 putas“,
1377 1406 1471 1435 quem
1499 1397 1604 1427 locum
1629 1402 1740 1437 aperte
1765 1397 1807 1427 ad
1832 1397 1995 1438 dialogum
2019 1409 2065 1430 16-

141 1439 264 1480 spicere
298 1439 356 1470 Ad.
387 1440 485 1471 Grottl.
515 1440 666 1480 Langeus
689 1437 727 1482 4).
768 1440 921 1479 magister
962 1440 1037 1471 olim
1076 1440 1249 1480 l'ortensis,
1294 1440 1457 1481 plerisque
1497 1440 1661 1472 doctorum
1700 1441 1863 1472 hominum
1893 1444 2067 1483 persuasit)

133 1484 366 1515 auctoritatem
383 1484 605 1524 gravissimam
626 1484 728 1516 videri
745 1484 926 1516 vindicasse
947 1484 1111 1524 dialogum
1130 1485 1251 1516 Tacito.
1298 1485 1405 1516 Etiam
1436 1495 1493 1526 per
1525 1485 1642 1517 aetatis
1667 1486 1823 1517 rationem
1848 1491 1879 1518 et
1903 1488 2067 1528 propriam

142 1528 306 1569 scriptoris
337 1529 476 1560 indolem
500 1529 665 1569 dialogum
694 1529 806 1560 Tacito
831 1532 916 1560 recte
950 1529 1128 1561 convenire.
1175 1529 1241 1561 Sed
1263 1540 1419 1561 summam
1444 1539 1612 1571 superesse
1638 1529 1858 1562 difficultatem
1883 1531 1915 1562 in
1940 1532 2067 1564 dicendi

143 1583 261 1611 genere
286 1583 305 1604 a
330 1573 433 1604 Taciti
457 1584 543 1605 more
561 1579 591 1605 et
609 1585 668 1605 usu
686 1578 717 1605 et
735 1578 803 1604 arte
820 1574 917 1614 plane
933 1574 1124 1606 abhorrente
1141 1574 1288 1615 positam.

234 1617 382 1649 'I'acitum
408 1618 537 1657 quidem
562 1618 690 1650 dicendi
715 1628 831 1659 genere
856 1619 991 1659 conciso,
1015 1619 1115 1658 brevi,
1140 1619 1280 1659 sublimi,
1306 1630 1440 1650 nervoso
1472 1629 1530 1651 nee
1569 1629 1640 1650 raro
1675 1619 1753 1651 duro
1786 1625 1817 1651 61
1849 1631 1963 1662 aspero
1999 1632 2068 1654 csse

144 1672 252 1702 usum,
293 1662 415 1702 dialogi
439 1666 601 1694 auctorem
626 1664 673 1694 uti
697 1662 808 1704 paucis
833 1664 987 1704 exeeptis,
1014 1674 1077 1703 qua
1101 1664 1285 1695 Eeksteinio
1310 1663 1354 1704 (p.
1371 1664 1426 1702 74)
1451 1664 1616 1705 asperiora
1640 1668 1670 1694 et
1695 1665 1761 1695 fere
1785 1665 1999 1706 vituperanda
2022 1667 2067 1698 vi—

144 1706 270 1743 dentur,
296 1717 413 1746 genere
437 1707 507 1739 fuso
532 1713 563 1739 ct
588 1708 761 1747 aequabili,
788 1708 925 1748 copioso,
951 1712 1062 1739 ornato
1087 1708 1306 1749 imprimisque
1331 1709 1488 1748 eleganti:
1514 1709 1604 1739 illum
1628 1708 1800 1740 admodum
1824 1710 1921 1742 fuisse
1946 1712 2067 1752 perspi-

145 1751 275 1782 cuitatis
298 1751 486 1791 studiosum,
511 1753 652 1784 alienum
677 1763 696 1784 a
720 1752 880 1784 brevitate
903 1752 1055 1784 affectata
1079 1757 1177 1792 atque
1195 1753 1431 1784 enuntiatorum
1448 1753 1549 1784 forma
1573 1757 1717 1784 contorta
1742 1758 1772 1785 et
1796 1755 1842 1785 ita
1865 1765 2067 1787 numerosum

144 1805 181 1826 ac
215 1796 428 1827 concinnitate
460 1797 673 1829 membrorum
704 1802 735 1829 et
768 1797 929 1837 gravitate
953 1796 1168 1829 clausularum
1197 1797 1392 1838 distinctum,
1419 1801 1453 1829 111
1478 1798 1639 1829 Ciceronis
1663 1797 1832 1830 adsiduam
1856 1799 2067 1832 imitationem

145 1839 346 1879 adgnoreris.

219 1946 236 1978 ¹)
266 1946 384 1972 Editioni
402 1947 483 1972 Basil.
504 1956 546 1980 ap.
566 1948 682 1974 Froben.
704 1948 771 1975 1533
803 1949 913 1974 accessit
943 1949 1096 1974 Thesaurus
1120 1949 1348 1975 constructionum
1373 1948 1589 1981 locutionumque
1617 1954 1641 1975 et
1670 1958 1763 1975 vocum
1789 1950 1880 1976 Tacito
1909 1951 2066 1983 solennium,

270 1982 487 2043 fortassehtiausa
510 1988 535 2009 et
560 1984 639 2019 origo*
657 1984 830 2010 dubitationis
850 1985 980 2017 Rhenani,
1002 1993 1081 2017 quam
1101 1985 1127 2010 in
1146 1985 1274 2018 principio
1293 1985 1453 2011 scholiorum
1473 1985 1632 2018 pronunciat
1651 1985 1691 2011 his
1712 1986 1810 2011 verbis:
1837 1987 1915 2013 Hunc
1934 1987 2067 2021 dialogum

271 2018 313 2043 vix
333 2018 413 2044 cres(
425 2019 488 2044 erim
507 2027 564 2045 csse
584 2020 676 2045 Taciti.

216 2053 236 2082 ²)
269 2054 357 2079 Prima
386 2054 470 2086 Lipsii
493 2055 572 2080 editio
595 2056 693 2088 prodiit
716 2064 739 2081 a.
763 2055 831 2081 1574
849 2056 1011 2089 Antverpiae
1031 2064 1063 2082 ex
1083 2056 1190 2082 officina
1208 2056 1384 2088 plantiniana,
1405 2056 1431 2082 in
1451 2063 1504 2089 qna
1523 2056 1643 2089 dialogus
1663 2057 1700 2082 sic
1720 2057 1885 2083 inscribitur:
1907 2058 1973 2084 Fab.
1986 2058 2066 2091 Quin-

270 2089 362 2150 111111111,
382 2093 410 2130 111
430 2090 533 2130 videtur
550 2091 678 2124 dialogus,
700 2091 821 2118 Cornelio
836 2092 929 2118 Tacito
948 2091 1031 2118 falso
1051 2093 1204 2125 inscriptus.
1225 2107 1258 2110 —
1279 2092 1444 2118 Posteriores
1465 2091 1594 2119 editiones
1612 2100 1677 2125 prae
1697 2100 1725 2118 se
1744 2093 1833 2119 ferunt
1852 2094 2064 2127 inscriptionem:

271 2134 310 2151 vn
356 2134 370 2151 0
390 2130 541 2151 111501111115.

219 2161 238 2193 ³)
272 2134 409 2194 Ecksgtein,
429 2134 621 2193 Prdlegomena
639 2162 666 2189 in
686 2163 780 2196 Taciti,
805 2163 849 2196 qni
878 2163 956 2194 vulgo
981 2162 1073 2195 fertur,
1103 2163 1236 2197 dialogum
1259 2163 1291 2189 de
1312 2163 1471 2190 oratoribus.
1510 2163 1586 2190 Halis
1612 2163 1683 2197 Sax.,
1706 2164 1781 2191 1835.
1802 2165 1827 2191 4.
1847 2179 1883 2184 —
1900 2165 2067 2201 Bernhardy,

272 2196 416 2223 Grundriss
436 2197 482 2223 der
500 2197 659 2224 Romischen
677 2198 832 2225 Litteratur.
870 2199 894 2225 3.
924 2199 1019 2225 Bearb.
1039 2199 1221 2232 Braunschw.,
1246 2199 1322 2226 1857.
1361 2207 1386 2232 p.
1407 2199 1556 2225 712—714.

218 2232 238 2265 ⁴)
270 2232 370 2267 Lange,
390 2233 511 2265 dialogus
530 2233 562 2259 de
582 2234 732 2261 oratoribus
754 2235 847 2260 Tacito
868 2235 1024 2267 vindicatus,
1043 2235 1070 2260 in
1080 2235 1172 2261 Beckii
1184 2235 1258 2261 Actis
1275 2235 1397 2261 seminar.
1415 2243 1469 2268 reg.
1483 2239 1510 2261 et
1525 2235 1659 2261 societatis
1672 2235 1799 2269 philolog.
1810 2236 1941 2269 Lipsiens.
1961 2236 2020 2263 Vol.
2043 2237 2066 2263 1.

272 2277 297 2301 p.
318 2269 351 2294 ’Π
377 2276 416 2301 sq.
454 2270 512 2295 Hoc
535 2274 690 2302 argumento
716 2270 780 2296 nihil
804 2270 907 2296 firmum
932 2270 1040 2304 probari
1062 2271 1254 2297 demonstravit
1276 2271 1307 2296 F.
1334 2271 1463 2304 Haaseus,
1495 2271 1540 2304 qui
1565 2271 1651 2297 Taciti
1675 2279 1756 2304 opera
1782 2280 1805 2297 a.
1828 2272 1894 2298 1855
1923 2272 2012 2305 edidit,
2041 2273 2068 2300 in

272 2304 456 2337 pulcherrimis
476 2305 580 2338 Prolcg.
600 2305 632 2331 dc
652 2305 736 2331 Taciti
755 2306 817 2339 vita,
837 2306 951 2339 ingenio,
971 2306 1076 2339 scriptis
1094 2315 1120 2339 p.
1143 2307 1183 2332 15.
1214 2306 1308 2332 Gallici
1328 2307 1463 2332 cuiusdam
1483 2307 1554 2333 docti
1579 2307 1627 2332 viri
1653 2307 1748 2333 virtute
1774 2311 1800 2333 et
1822 2307 1966 2340 sagacitate
1995 2308 2067 2335 litem

272 2348 339 2373 quae
358 2344 398 2366 est
416 2341 448 2366 de
467 2345 576 2367 auctore
592 2341 689 2374 dialogi
708 2341 876 2368 diiudicatam
896 2350 953 2368 esse
972 2342 1065 2368 statuit
1084 2343 1116 2368 A.
1130 2342 1228 2375 Widal,
1249 2343 1294 2375 qui
1313 2342 1422 2368 Parisiis
1441 2350 1464 2368 a.
1479 2343 1546 2369 1852
1565 2343 1591 2368 in
1611 2343 1696 2368 Taciti
1715 2341 1849 2375 dialogum
1868 2343 1900 2370 de
1920 2352 1957 2370 or.
1978 2344 2067 2378 dispu-

271 2376 399 2402 tationem
419 2376 507 2402 edidit.
532 2377 564 2402 A.
586 2377 704 2410 Dupraei
730 2377 916 2404 dissertatione
940 2386 963 2404 a.
986 2378 1053 2404 1848
1073 2378 1119 2404 Sti.
1132 2378 1215 2404 Caleti
1234 2378 1304 2405 edita
1323 2378 1361 2404 ait
1381 2378 1558 2404 demonstrari
1578 2378 1710 2411 dialogum
1729 2378 1761 2404 de
1781 2387 1818 2404 or.
1838 2387 1886 2405 nec
1905 2379 2068 2412 Quintiliano

271 2419 320 2437 nec
339 2412 420 2438 cuivis
439 2412 492 2446 alii,
513 2413 559 2439 sed
579 2413 671 2439 Tacito
697 2421 754 2439 esse
773 2413 983 2440 adiudicandum.
1003 2413 1162 2447 Epistulam,
1192 2423 1271 2447 quam
1291 2422 1372 2447 supra
1391 2414 1542 2446 memoravi,
1562 2414 1648 2440 Plinio
1667 2413 1800 2440 abiudicat
1817 2415 1959 2448 Dupraeus
1979 2416 2068 2450 (11.45)

275 2446 422 2480 Tacitoque
440 2448 564 2481 vindicat,
584 2457 617 2475 ex
636 2449 729 2481 hisque
748 2449 978 2488 verbisnpoemata
996 2445 1193 2489 quiescunt'fsui
1212 2450 1342 2483 propositi
1362 2454 1450 2481 tenax,
1470 2450 1610 2475 ostendere
1629 2454 1741 2476 conatur
1759 2458 1775 2476 a
1793 2450 1886 2477 Tacito
1904 2451 1987 2478 fuisse
2006 2460 2068 2486 poe-

274 2486 346 2508 mata
364 2483 469 2516 saepius
489 2485 641 2518 conscripta
659 2485 771 2517 ideoque
791 2493 843 2510 non
861 2493 919 2511 esse
935 2486 1038 2517 mirum,
1059 2486 1080 2511 51
1098 2486 1209 2519 poeticis
1229 2486 1315 2512 verbis
1335 2489 1360 2511 et
1379 2485 1521 2511 luminibus
1540 2485 1660 2518 dialogus
1680 2489 1708 2511 ut
1729 2490 1818 2513 cetera
1836 2487 1891 2514 eius
1912 2495 1993 2522 opera
2011 2495 2068 2515 sea<

271 2521 355 2544 teant.
392 2519 465 2546 Haec
489 2521 571 2547 verba
595 2529 627 2547 ex
647 2520 762 2547 Widalio
783 2521 919 2554 exscripsi,
940 2530 1020 2554 quum
1038 2522 1095 2554 ipse
1114 2521 1233 2554 Dupraei
1251 2521 1368 2547 libellum
1388 2521 1517 2554 inspicere
1537 2529 1589 2547 non
1608 2521 1746 2554 potuerim.
