2238 2735
694 557 965 643 INDEX
1020 554 1537 643 LATINITATIS

471 734 750 781 ORDINE
815 734 1259 781 LITERARUM
1321 732 1785 781 BISPOSITUS.

915 878 1123 895 *ass-*⁹2⁶²

213 1017 358 1059 Abuuo.
400 1030 479 1058 Dial.
491 1030 528 1058 33
540 1037 594 1057 uec
606 1032 639 1058 tu
651 1029 758 1057 abnues
769 1031 852 1067 ‹fllcin
868 1031 958 1068 ingen)
972 1047 997 1050 -
1013 1030 1091 1058 idem

150 1070 326 1098 aclnaissent.
358 1069 396 1097 H.
417 1070 444 1105 3,
465 1070 504 1097 20
524 1067 545 1096 f.
568 1077 657 1105 quum
679 1068 847 1097 abnuerent
867 1085 904 1090 —
925 1069 1031 1106 iuquit.
1054 1069 1091 1097 H.

151 1110 178 1145 3,
199 1109 237 1138 54
257 1108 401 1136 abnuenti
423 1116 495 1135 vera
517 1115 583 1135 esse
604 1122 641 1126 »ψ
661 1107 768 1144 inquit.
809 1108 846 1136 A.
868 1109 914 1145 15,
937 1109 974 1137 58
995 1107 1014 1137 f.
1041 1107 1090 1136 ad-

149 1146 312 1183 nuentique
333 1162 368 1166 —
390 1146 497 1174 renuit.
544 1145 602 1182 Ag.
623 1147 660 1174 42
683 1154 749 1174 cum
771 1146 935 1175 adnuisset.

208 1185 260 1213 Ab
273 1194 358 1213 sum.
400 1185 436 1213 D.
458 1186 496 1213 23
522 1194 620 1223 prope
651 1185 733 1212 abest
763 1185 799 1213 ab
828 1185 1012 1214 infirmitate.
1053 1185 1090 1213 H.

151 1227 177 1260 1,
201 1225 237 1253 10
257 1226 319 1252 tam
341 1232 433 1260 prope
453 1224 492 1252 ab
510 1223 596 1253 exule
615 1222 671 1252 fuit
691 1232 780 1260 quam
793 1227 899 1260 postea
919 1223 1091 1261 aprincipe.

150 1263 188 1291 Η.
209 1264 237 1298 2,
259 1263 304 1291 76.
333 1263 369 1290 A.
393 1265 418 1297 1,
440 1264 486 1291 23.
500 1262 585 1290 —D.
608 1264 643 1291 15
665 1262 785 1298 longius
807 1263 881 1291 absit
902 1263 948 1300 (F
961 1263 1091 1298 abiisset)

150 1301 310 1330 Aeschine.
352 1301 388 1328 ΙΙ.
412 1303 437 1337 1,
459 1303 497 1330 54
517 1311 555 1329 m.
577 1309 632 1329 nec
653 1301 758 1337 procul
779 1301 926 1330 seditione
956 1303 1091 1330 aberant.

150 1340 188 1368 H.
210 1341 238 1376 4,
257 1341 303 1368 28.
326 1341 372 1368 57.
410 1340 446 1368 A.
469 1342 495 1376 6,
517 1342 553 1369 22
576 1338 595 1366 f.
617 1348 654 1368 ne
674 1339 794 1376 incepto
816 1341 935 1377 lougius
956 1340 1090 1369 abierim.

208 1378 459 1407 Abundantia.
500 1379 537 1407 D.
558 1379 575 1406 6
597 1378 625 1406 in
645 1388 756 1406 summa
777 1379 964 1407 abundantia.
1004 1380 1041 1407 H.
1064 1380 1091 1415 2,

151 1419 189 1446 94
210 1420 362 1453 tamquam
385 1417 413 1444 in
436 1426 548 1446 summa
570 1416 757 1447 abnndantia
778 1418 925 1454 pecuniae
946 1417 1091 1446 inludere.

152 1456 187 1484 A.
208 1458 235 1492 4,
257 1457 293 1484 62
314 1464 372 1483 non
393 1456 579 1484 abundantia
602 1456 757 1491 pecuniae.

210 1495 272 1522 Ac.
315 1495 352 1522 D.
367 1496 405 1523 4O
425 1495 618 1523 Macedonum
639 1505 674 1522 ac
692 1496 862 1522 Persarum.
895 1495 931 1523 A.
952 1496 978 1530 G,
997 1496 1032 1524 31
1052 1504 1090 1522 111.

151 1536 270 1561 veteres
291 1533 449 1561 Persarum
471 1542 506 1561 ac
526 1534 724 1562 Macedonum
747 1534 900 1562 terminos.
921 1550 958 1553 »Α
987 1534 1022 1562 D.
1046 1536 1090 1562 11.

149 1574 185 1601 37
207 1582 242 1599 ac
263 1572 318 1599 iam
340 1572 397 1608 Ag.
422 1573 467 1600 14.
489 1572 526 1600 Η.
548 1574 575 1609 2,
599 1574 636 1602 38
658 1572 789 1610 (iamque
812 1573 849 1600 H.
872 1574 899 1600 2.
919 1574 962 1601 19.
986 1574 1032 1601 36.
1054 1573 1090 1600 A.

150 1612 196 1641 15.
217 1612 234 1638 6
256 1610 411 1646 m.).-—D.
438 1612 483 1639 13.
506 1612 552 1639 24.
581 1621 616 1639 ac
636 1622 671 1639 ne
691 1628 729 1631 —
751 1611 872 1649 quidem.
895 1612 930 1639 A.
956 1614 980 1647 1,
1002 1613 1048 1640 50.
1071 1611 1091 1639 f.

149 1651 176 1685 3,
198 1650 234 1677 27
256 1658 294 1676 111.
318 1650 363 1685 15,
387 1650 422 1677 19
443 1649 462 1677 f.
487 1651 532 1686 16,
554 1651 592 1679 30
612 1650 729 1679 f.—D.
751 1652 786 1679 :21
809 1660 844 1677 ae
863 1650 1032 1686 praecipue.
1054 1650 1090 1678 A.

150 1691 195 1724 11,
219 1689 255 1716 14
275 1696 345 1715 mox
366 1688 441 1716 alios
462 1697 497 1716 ac
524 1689 718 1725 praecipuum
741 1690 769 1717 S.
811 1689 846 1716 A.
870 1690 896 1721 6,
918 1690 955 1717 38
977 1690 1090 1717 Macro-

149 1735 215 1754 uem
237 1735 272 1755 ac
299 1727 478 1762 praecipuos
503 1727 678 1756 libertorum
712 1727 860 1756 Caesaris.
892 1744 927 1747 —
959 1728 995 1755 D.
1018 1729 1034 1756 6
1056 1738 1091 1755 ac

147 1776 243 1802 prope
265 1764 401 1793 omnibus
423 1765 459 1793 G.
474 1767 511 1794 45
533 1775 567 1794 ac
589 1775 692 1803 prope.
714 1767 752 1795 H.
774 1768 802 1801 4,
826 1768 862 1794 64
877 1775 915 1793 111.
938 1768 984 1794 Π.
1007 1766 1043 1794 A.
1063 1767 1089 1801 6,

149 1805 184 1832 21
211 1804 231 1831 i'.
255 1805 300 1840 15,
323 1805 358 1832 57
369 1803 390 1831 f.
405 1804 485 1832 —D.
507 1806 590 1833 20αο
603 1816 700 1842 saepe.
721 1805 780 1833 Aff.
802 1806 848 1833 28.
865 1806 912 1833 36.
936 1805 1031 1834 (1.38.
1054 1805 1089 1833 A.

152 1844 179 1880 3,
201 1844 247 1871 67.
269 1843 305 1870 Α.
331 1843 375 1878 13,
396 1844 444 1872 29.
468 1843 513 1879 15,
535 1844 572 1872 50
592 1853 630 1872 m.
651 1861 689 1864 —
717 1845 754 1873 D.
779 1846 813 1872 11
837 1854 871 1872 ac
892 1844 918 1871 si
937 1844 1022 1872 velis.
1054 1844 1089 1872 A.

151 1884 176 1917 1,
194 1883 239 1910 17.
261 1883 288 1917 4,
310 1882 335 1909 7.
360 1880 482 1916 13,211”.
506 1883 608 1918 15,42.
630 1883 668 1910 D.
689 1884 726 1911 42
744 1893 778 1911 ac
790 1883 883 1911 sinzal.
904 1882 962 1919 Ag.
985 1884 1030 1911 10.
1045 1884 1089 1911 19.

150 1936 185 1939 —
206 1921 243 1948 D.
266 1921 301 1948 32
324 1930 359 1947 ac
385 1920 489 1948 statim.
527 1921 584 1957 Ag.
607 1923 633 1957 7,
656 1923 682 1950 9.
713 1922 752 1951 H.
773 1923 801 1957 4,
818 1923 865 1950 50.
896 1921 932 1949 A.
949 1923 975 1957 3,
992 1923 1038 1950 51.
1058 1937 1093 1941 ——

150 1959 187 1987 D.
208 1960 225 1988 8
244 1958 390 1995 imagines
402 1968 436 1985 ac
446 1958 525 1986 tituli
546 1964 572 1987 et
591 1962 719 1988 statuae.
742 1960 799 1996 Ag.
813 1961 849 1989 32
862 1961 976 1988 eaelum
996 1960 1091 1996 ipsum

151 2006 187 2025 ac
208 2006 290 2025 mare
313 2000 342 2025 et
363 1997 465 2025 silvas.
495 1997 530 2026 G.
553 1998 589 2026 37
611 1997 631 2026 f.
672 1999 789 2027 Drusus
811 2007 846 2027 ac
866 1999 948 2026 Nero
969 2002 998 2027 ct
1020 1999 1091 2028 Ger-

149 2036 294 2073 manicus,
318 2036 353 2064 G.
375 2037 421 2064 42.
444 2036 482 2063 Η.
505 2037 532 2072 4,
554 2038 599 2065 64.
621 2037 657 2064 Α.
682 2040 706 2073 1,
728 2039 775 2066 84.
798 2039 844 2073 15,
868 2039 884 2065 6
907 2037 969 2066 f.—
993 2038 1029 2065 D.
1056 2039 1091 2066 12

151 2074 271 2111 Orphea
294 2079 319 2103 et
339 2075 447 2102 Linum
470 2084 504 2102 ac
519 2092 554 2096 —
574 2075 754 2112 Apollinem.
776 2077 814 2106 H.
833 2079 858 2112 1,
881 2078 920 2104 50
940 2085 977 2104 m.
1000 2076 1091 2104 Phar-

151 2113 266 2149 saliam,
295 2113 451 2150 Philippos
483 2116 512 2141 et
542 2113 696 2142 Perusiam
725 2124 761 2143 ac
791 2115 946 2143 Mutinam.
988 2115 1024 2143 D.
1057 2117 1092 2143 17

150 2151 236 2180 adice
257 2152 372 2180 Tiberii
403 2157 429 2179 ct
453 2169 478 2172 —
508 2152 564 2180 Gai
594 2163 629 2180 ac
662 2169 682 2172 —
718 2153 836 2182 Claudii
857 2159 883 2181 et
903 2153 1033 2181 Neronis
1056 2170 1091 2173 —

152 2195 236 2227 atque
257 2205 289 2210 -
315 2190 431 2220 Galbae
453 2195 479 2218 ct
500 2190 626 2219 Othonis
649 2196 674 2219 et
694 2192 798 2220 Vitelli
824 2209 849 2211 —
872 2193 1092 2229 ‹ze—Vespas.

152 2229 187 2256 A.
211 2231 236 2264 1,
260 2231 275 2257 1
295 2229 410 2258 Tiberii
423 2229 538 2266 Gaique
561 2232 590 2257 et
603 2229 721 2258 Claudii
742 2240 776 2259 ac
788 2231 927 2259 Neronis.
940 2235 972 2258 A.
988 2233 1033 2267 15,
1046 2233 1092 2260 25.

154 2267 190 2295 Η.
216 2269 242 2303 3,
264 2269 310 2296 66.
331 2270 358 2304 4,
382 2270 428 2297 79.

209 2305 361 2334 Accedo.
402 2309 436 2334 D.
459 2308 495 2336 33
516 2306 654 2335 facultati
676 2307 721 2335 vis
743 2308 820 2344 eloq.
844 2309 973 2336 accedat.
988 2310 1024 2337 37
1046 2307 1093 2336 his

152 2344 305 2372 accedebat
336 2345 477 2381 splendor
507 2354 583 2374 reor.
606 2345 664 2383 (16.
688 2347 724 2375 36
745 2355 809 2374 acc.
831 2347 870 2374 ad
896 2346 946 2383 —)
968 2347 1005 2375 H.
1028 2348 1054 2383 3,
1076 2348 1093 2375 2

152 2383 220 2419 plus
247 2384 403 2412 socordiae
436 2393 524 2421 quam
555 2383 683 2413 fiduciae
719 2385 885 2414 accessisse
917 2385 1092 2414 victoribus.

152 2422 188 2450 A.
211 2423 237 2457 6,
260 2423 277 2450 7
299 2421 432 2451 damnati
453 2423 602 2451 indicibus
624 2432 789 2451 accessere.
811 2423 846 2460 A,
870 2426 896 2460 1,
919 2425 955 2452 72
978 2423 1094 2460 effigies

152 2460 375 2526 vendiitionibus
396 2461 552 2490 accedant.
595 2462 630 2491 G.
652 2463 670 2490 4
691 2462 757 2498 ipsc
779 2470 880 2490 eorum
903 2462 1093 2499 opinionibus

152 2507 227 2527 acce
251 2507 278 2526 0.

211 2537 385 2574 Accingo.
426 2538 464 2566 D.
487 2539 522 2567 16
543 2540 573 2567 111
595 2539 776 2568 contrarium
799 2539 918 2577 accinyi.
950 2539 986 2567 H.
1008 2541 1035 2575 3,
1057 2541 1093 2568 21

152 2576 181 2604 in
202 2576 347 2612 proelium
368 2577 495 2613 accingi.
524 2578 561 2606 H.
583 2579 611 2615 4,
633 2579 669 2607 62
690 2587 728 2606 m.
747 2578 776 2606 111
794 2578 888 2606 aciem
905 2587 932 2606 a.
956 2578 992 2606 H.
1015 2579 1041 2613 3,
1058 2579 1094 2607 35

1134 879 1145 887 !—
1155 878 1319 896 ›ss—›mm-

1148 1035 1178 1063 in
1204 1035 1357 1064 auxilium.
1399 1036 1436 1064 D.
1466 1038 1484 1065 5
1514 1036 1659 1065 accinctas
1679 1037 1886 1074 (eloquentia).
1927 1039 1965 1067 H.
1994 1041 2022 1076 2,
2044 1042 2090 1070 88.

1148 1075 1185 1104 89
1206 1075 1369 1103 accinctus.
1411 1074 1447 1102 A.
1482 1077 1510 1111 4,
1538 1077 1575 1104 21
1604 1075 1707 1112 gladio
1740 1077 1919 1105 accinctum.
1950 1079 1976 1114 6,
2004 1080 2023 1107 2
2052 1088 2089 1107 m.

1148 1112 1237 1142 ferro.
1261 1115 1306 1151 11,
1330 1115 1365 1143 18
1387 1113 1528 1150 pugione.
1569 1114 1605 1142 A.
1629 1116 1675 1151 12,
1705 1116 1744 1143 44
1772 1115 1870 1144 studio
1892 1117 2089 1153 popularium.

1206 1151 1458 1181 Accommodo.
1504 1153 1541 1181 D.
1564 1154 1601 1181 21
1624 1153 1743 1181 aza-ibas
1770 1154 1900 1182 iudicum
1933 1165 2090 1184 accommo-

1148 1191 1219 1219 data
1243 1190 1374 1228 (oratio).
1415 1191 1453 1219 D.
1474 1193 1521 1221 29.
1548 1192 1625 1220 serio
1656 1192 1820 1221 ministerio
1851 1195 2090 1224 accommodam.

1147 1229 1183 1296 13..
1206 1231 1252 1267 13,
1274 1232 1291 1259 3
1316 1229 1516 1267 ingenium—
1532 1230 1676 1268 temporis
1698 1231 1761 1260 eius
1780 1231 1904 1261 aiu-ibus
1925 1242 2090 1262 accommo-

1170 1271 1260 1298 atum.

1205 1308 1424 1336 Accumulo.
1466 1309 1502 1337 D.
1525 1310 1542 1337 S
1565 1311 1748 1337 accumulare
1768 1312 1797 1337 et
1819 1318 1981 1346 congerere
2003 1311 2089 1348 (divi-

1147 1346 1206 1375 tias
1228 1348 1257 1374 et
1279 1345 1373 1383 opes).
1394 1346 1431 1375 A.
1454 1349 1499 1383 13,
1522 1349 1538 1375 2
1561 1347 1580 1375 f.
1603 1356 1704 1376 omnes
1725 1348 1755 1375 in
1777 1356 1843 1376 eum
1854 1348 1984 1378 honores
2003 1358 2089 1378 accu-

1147 1385 1347 1413 mulabantur.
1369 1386 1405 1413 A.
1428 1387 1455 1423 3,
1476 1387 1514 1415 30
1535 1394 1624 1422 opum
1645 1403 1682 1406 —
1702 1386 1815 1423 primus
1835 1388 2049 1417 accumulator.

1205 1424 1421 1452 Accusatio.
1462 1425 1499 1453 D.
1521 1426 1556 1453 41
1580 1425 1758 1453 voluntariis
1779 1427 2017 1455 accusationibus.
2052 1429 2088 1456 36

1148 1463 1345 1490 accusationes
1369 1463 1535 1499 potentium
1564 1472 1691 1492 reorum.
1726 1464 1760 1492 A.
1783 1465 1810 1499 4,
1832 1466 1868 1492 52
1893 1465 2088 1502 capessendis

1147 1501 1400 1530 accusationibus.
1432 1502 1468 1530 A.
1490 1504 1517 1538 2,
1540 1503 1577 1531 34
1599 1506 1749 1530 oratorum
1771 1504 1980 1533 accusationes
2002 1505 2086 1533 mini-

1147 1540 1284 1568 tantium.
1336 1540 1372 1568 A.
1396 1542 1440 1577 11,
1463 1542 1480 1570 6
1502 1549 1564 1569 acc.
1586 1557 1622 1561 —
1645 1541 1749 1569 foveri.

1205 1585 1309 1613 Acer.
1350 1585 1388 1615 D.
1411 1586 1447 1613 37
1470 1586 1600 1613 acriores
1611 1595 1737 1623 pugnas.
1760 1586 1795 1613 A.
1816 1587 1843 1615 4.
1865 1588 1900 1615 73
1910 1588 1973 1616 acri
1987 1597 2086 1624 pugna

1147 1623 1184 1653 A.
1203 1625 1247 1657 15.
1269 1625 1287 1653 3
1307 1632 1335 1652 a.
1358 1623 1388 1652 in
1411 1623 1592 1652 discrimine.
1615 1640 1650 1644 —
1673 1625 1710 1652 D.
1742 1626 1779 1653 33
1810 1626 1955 1654 acerrima
1983 1628 2088 1654 stadia.

1147 1663 1204 1698 Ag.
1226 1664 1245 1690 4
1266 1662 1396 1690 studium
1418 1662 1526 1690 acrius.
1548 1663 1584 1690 A.
1606 1664 1633 1698 2,
1655 1664 1672 1692 5
1694 1663 1810 1691 acriora
1832 1663 1860 1691 in
1890 1672 1955 1692 eum
1978 1665 2086 1694 studia.

1147 1701 1184 1729 H.
1206 1703 1233 1736 3.
1255 1702 1292 1729 29
1313 1700 1490 1729 acerrimum
1513 1704 1674 1732 certamen.
1698 1702 1734 1729 H.
1755 1703 1782 1737 4,
1806 1703 1842 1730 ΤΟ
1862 1711 1889 1730 a.
1912 1718 1949 1722 -—
1971 1703 2048 1731 odio.

1206 1740 1362 1768 Acriter.
1405 1740 1441 1767 D.
1475 1742 1509 1768 11
1541 1740 1667 1768 dixisset
1688 1740 1794 1768 acrias.
1830 1740 1887 1777 Ag.
1911 1743 1929 1769 4
1958 1742 2087 1770 studium

1146 1795 1183 1799 —-
1204 1778 1352 1807 acrius—-
1366 1778 1513 1807 hausisse.
1535 1779 1570 1807 A.
1593 1780 1620 1815 2,
1643 1780 1679 1807 26
1702 1779 1803 1807 acrius
1824 1779 2003 1809 modestiam
2025 1781 2087 1809 eius

1147 1817 1334 1853 adgreditur.
1356 1818 1393 1845 H.
1415 1819 1443 1853 2,
1465 1819 1512 1853 22,
1535 1819 1580 1846 35.

1205 1862 1269 1890 Ad.
1311 1863 1348 1890 D.
1359 1864 1405 1898 40,
1428 1864 1445 1891 5
1466 1864 1507 1890 ad
1519 1863 1681 1891 utilitatem
1696 1862 1959 1900 fructuosius,cet.
1980 1865 2017 1894 H.
2030 1866 2057 1901 2,
2071 1870 2088 1893 b*

1149 1910 1187 1929 m.
1207 1901 1344 1938 proprior
1373 1901 1412 1929 ad
1434 1901 1597 1930 fallendum
1624 1901 1708 1930 fides.
1723 1918 1759 1921 —
1774 1902 1811 1930 D.
1835 1904 1869 1931 16
1892 1904 1933 1930 ad
1951 1906 2088 1931 naturam

1150 1940 1337 1968 saeculorum
1370 1957 1407 1960 —
1446 1940 1582 1968 immensi
1613 1941 1690 1968 aevi.
1730 1940 1788 1977 Ag.
1817 1943 1856 1970 44
1877 1945 2020 1978 qnantum
2051 1942 2089 1970 ad

1148 1978 1285 2015 gloriam,
1306 1979 1511 2015 longissimum
1534 1988 1700 2007 aevum.—
1721 1980 1758 2008 D.
1780 1981 1816 2008 32
1839 1980 1977 2009 sufficere
1997 1984 2031 2009 nt
2051 1982 2092 2009 ad

1148 2023 1303 2054 tempus—
1317 2017 1485 2046 doceamur.
1507 2018 1542 2046 A.
1566 2020 1591 2054 1,
1609 2021 1622 2046 1
1644 2018 1813 2047 dictaturae
1833 2019 1872 2047 ad
1890 2023 1910 2047 t.
1933 2019 2088 2048 sumeban-

1148 2060 1205 2087 tur.
1228 2056 1264 2084 A.
1286 2057 1314 2090 4,
1341 2058 1386 2085 19.

1206 2101 1400 2130 Adfectus.
1443 2102 1479 2130 D.
1502 2103 1539 2130 27
1562 2102 1637 2130 citra
1660 2101 1800 2130 damnum
1822 2103 1961 2137 adfectus.
2003 2103 2040 2131 H.
2064 2106 2089 2137 1.

1149 2143 1184 2169 15
1206 2140 1368 2177 pessimum
1390 2141 1453 2169 veri
1475 2140 1613 2169 adfectus
1636 2150 1792 2169 venenum.
1815 2141 1852 2169 H.
1875 2143 1902 2177 4,
1925 2143 1959 2169 31
1982 2141 2087 2170 militia

1149 2180 1211 2207 siue
1233 2179 1365 2207 adfectu.
1388 2179 1424 2208 H.
1450 2181 1475 2209 1.
1500 2182 1534 2208 15
1556 2179 1728 2207 adsentatio
1742 2196 1777 2199 —
1795 2180 1857 2208 sine
1883 2179 2014 2208 adfectu.
2038 2180 2088 2213 (A.

1150 2219 1243 2254 15,16
1254 2218 1385 2245 felicium
1396 2217 1546 2246 hominum
1568 2218 1715 2246 adfectus.
1737 2218 1772 2246 A.
1796 2220 1888 2254 13,21
1901 2220 2029 2246 matrum
2048 2226 2089 2247 aa

1206 2261 1354 2290 Adsero.
1396 2263 1433 2290 D.
1457 2265 1470 2290 1
1498 2262 1668 2299 prohabiles
1690 2272 1793 2290 causas
1815 2263 1975 2297 adferrent.
2003 2263 2039 2291 A.
2062 2263 2089 2297 G,

1152 2303 1186 2330 14
1208 2302 1304 2329 nullas
1324 2301 1499 2337 probabiles
1523 2310 1630 2329 causas
1660 2316 1698 2321 —
1728 2300 1895 2329 adferebat.
1936 2302 1972 2329 A.
1993 2303 2021 2338 4,
2045 2303 2089 2330 16.

1149 2341 1186 2368 D.
1210 2341 1245 2368 12
1264 2342 1379 2367 tantam
1401 2339 1471 2367 mihi
1493 2341 1629 2375 afferunt
1648 2340 1833 2376 voluptatem
1857 2341 1901 2368 14.
1924 2339 2089 2368 iucundiss.

1151 2379 1381 2407 oblectamentum
1404 2379 1466 2413 adt'.
1489 2380 1525 2407 35
1546 2380 1613 2414 plns
1635 2378 1705 2406 mali
1727 2379 1864 2413 adferant
1884 2378 2021 2415 ingeniis.
2052 2378 2088 2407 A.

1149 2419 1176 2454 4,
1199 2419 1235 2446 33
1256 2417 1408 2445 minimum
1431 2417 1641 2445 oblectationis
1662 2416 1811 2445 adferunt.
1852 2417 1888 2445 A.
1910 2419 1937 2453 3,
1964 2419 2000 2446 52
2023 2418 2089 2454 plus

1151 2456 1251 2484 damni
1271 2455 1357 2483 ferat.
1380 2456 1417 2483 H.
1441 2457 1465 2492 1,
1488 2458 1503 2484 7
1526 2464 1628 2492 parem
1655 2455 1797 2483 iuvidiam
1819 2455 2008 2484 adferebant.
2050 2456 2087 2484 H.

1152 2497 1176 2532 1,
1200 2496 1235 2523 71
1256 2495 1323 2530 plus
1345 2493 1512 2522 formidinis
1534 2503 1560 2522 a.

1208 2538 1260 2566 Ad
1270 2538 1386 2566 firmo.
1427 2538 1464 2566 D.
1488 2540 1523 2567 19
1553 2538 1679 2575 primum
1702 2537 1822 2567 flexisse
1844 2539 2008 2576 adfirmant.
2051 2539 2088 2567 H.

1152 2580 1177 2614 1,
1200 2578 1236 2605 22
1257 2584 1350 2605 novos
1372 2579 1470 2605 motus
1493 2594 1527 2597 —
1551 2576 1720 2606 adfirmant.
1760 2577 1796 2605 H.
1820 2580 1845 2613 1,
1867 2579 1913 2606 54.
