2238 2735
204 200 352 230 Vitium.
393 199 432 228 D.
455 200 492 228 25
514 198 649 227 invidere
668 206 729 226 non
750 200 796 226 est
816 200 967 225 oratorum
980 196 1087 232 vitium,

146 238 200 269 sed
220 239 380 267 hominum.
406 237 443 267 H.
466 239 494 273 4,
517 239 554 266 74
575 237 649 265 vitia
671 238 758 264 erunt
778 235 873 264 donec
894 235 1039 264 homines.

203 277 448 306 Vocubulum.
490 276 528 306 D.
550 277 587 304 25
609 275 646 303 de
668 274 809 302 vocabulo
829 282 932 310 pugna
960 282 1019 301 non
1042 275 1089 302 est

144 330 182 337 —
199 316 259 344 alio
280 315 399 343 nomine
419 314 562 351 appellet.
594 313 631 342 H.
653 314 682 347 4,
704 314 740 341 73
761 312 887 340 libertas
902 314 932 340 et
949 311 1088 348 speciosa

144 354 266 383 nomina
288 356 506 389 praetexuntur
522 360 578 380 nec
605 352 763 388 quisquam
782 351 911 379 alienum
932 350 1086 379 servitium

145 396 176 421 et
197 392 432 421 dominationem
457 391 515 420 sibi
535 390 717 426 concupivit,
738 391 771 418 nt
791 398 850 417 nou
872 388 978 417 eadem
998 397 1086 417 voca-

145 431 217 459 bula
238 433 407 467 usurparet.
441 432 475 459 A.
498 431 525 465 6,
549 431 564 457 1
586 431 718 465 tuncque
733 428 860 464 primum
881 427 985 463 ignota
996 429 1086 455 antea

144 478 174 498 v.
196 472 317 506 reperta
339 471 417 498 sunt.
457 468 494 496 A.
526 469 572 503 12,
598 468 635 496 66
665 465 776 495 artifex
801 466 906 494 talium
936 465 1085 494 vocabulo

143 508 290 539 Locusta.
331 510 364 536 A.
392 509 420 543 2,
441 507 477 535 56
499 505 678 534 vocabulum
709 504 880 533 indiderant
910 513 948 533 ex
968 503 1087 533 nomine

145 546 239 576 urbis.
277 550 310 576 A.
335 547 379 581 12,
401 547 437 575 27
459 553 566 573 nomen
587 544 712 572 inditum
734 543 883 572 vocabulo
903 543 1007 580 ipsius.

205 585 315 613 Voco.
356 585 393 612 D.
417 585 452 612 13
474 584 515 611 ad
533 591 659 619 quorum
681 582 819 618 exempla
840 590 887 610 me
910 590 1006 609 vocas.
1029 583 1084 617 Ag.

144 624 183 652 46
204 623 323 659 placide
356 622 495 659 quiescas
515 630 629 658 nosque
654 621 693 649 ab
721 620 838 649 infirmo
869 620 1019 649 desiderio
1047 619 1087 648 ad

144 661 427 699 contemplationem
458 661 602 689 virtutum
633 662 751 688 tuarum
781 667 881 689 voces.
924 661 958 688 A.
989 659 1017 694 4,
1048 659 1086 686 27

1144 196 1252 232 positis
1273 195 1429 232 propalam
1451 194 1561 224 libellis
1582 194 1623 222 ad
1644 194 1814 223 libertatem
1832 195 1974 225 vocabat.
1996 196 2034 226 Η.
2059 199 2086 234 l,

1143 236 1190 264 84.
1215 237 1242 271 2,
1267 236 1313 262 76.
1336 237 1370 263 A.
1392 235 1420 270 4,
1442 235 1489 262 43.
1512 235 1539 270 6,
1561 234 1608 263 34.
1631 233 1698 264 D.3
1712 233 1741 261 in
1757 233 1853 262 forum
1869 239 1979 264 vocent.
2003 237 2036 264 A.
2059 237 2086 272 1,

1143 275 1180 339 ἓ
1200 281 1236 339 1se
1256 272 1424 339 in4partem
1445 280 1584 300 curarum
1600 274 1751 302 vocatum.
1780 272 1879 300 Vocilo
1906 273 1944 304 D.
1968 275 2012 302 17.
2035 275 2084 304 25.

1202 349 1354 379 Votum.
1397 349 1434 379 D.
1456 350 1491 378 41
1514 357 1609 385 usque
1630 349 1669 377 ad
1693 354 1787 377 volum
1808 349 1992 386 compositae
2014 350 2084 378 civi-

1141 387 1214 416 tatis
1234 390 1453 423 argumentum.
1495 388 1533 418 H.
1566 390 1591 424 1,
1617 389 1655 416 23
1685 387 1725 415 ad
1753 388 1852 416 scelus
1873 388 2015 416 facillime
2044 388 2084 417 ab

1142 426 1289 454 eiusmodi
1310 429 1380 454 voto
1401 426 1555 454 transitur.
1597 426 1635 456 H.
1667 428 1696 462 4,
1725 428 1743 455 8
1765 427 1859 455 bonos
1886 426 2085 463 imperatores

1140 467 1212 492 voto
1233 466 1386 502 expetere,
1407 465 1639 501 qualescumque
1659 465 1798 493 tolerare.
1841 465 1880 495 H.
1903 467 1928 501 1,
1940 466 1977 494 37
1991 465 2085 494 tacito

1144 505 1215 531 voto
1244 502 1354 531 bonum
1384 505 1414 531 et
1442 503 1629 531 innocentem
1651 503 1817 540 principem
1840 503 2015 540 expetitum.
2044 504 2083 533 H.

1144 543 1173 577 4,
1195 542 1232 570 76
1254 541 1335 577 quod
1355 541 1472 569 roboris
1494 542 1542 577 sit,
1572 550 1673 569 secum
1694 543 1794 577 palam
1825 545 1878 570 aut
1898 544 1970 570 voto
1991 544 2082 573 stare.

1142 582 1199 616 Ag.
1233 581 1250 608 3
1272 588 1327 608 nec
1348 588 1431 616 spem
1462 580 1551 607 modo
1573 589 1609 607 ac
1639 583 1740 608 votum
1774 581 1920 610 seem-itas
1951 580 2081 617 publica,

1143 618 1196 646 sed
1217 619 1278 647 voti
1300 618 1439 647 fiduciam
1460 627 1496 647 ac
1517 618 1608 647 robur
1627 619 1838 655 adsumpserit.

546 910 1088 959 colunes-Eunu
1128 910 1233 958 ΕΤ
1266 909 1677 958 ΑΒΒΕΝΒΑ.

146 1026 229 1055 Part.
249 1025 264 1054 Ι
284 1034 313 1062 p.
336 1027 351 1053 1
375 1033 453 1062 quae
475 1001 983 1070 Ε11κεἱθίῐιίοψιλβθ”ΜηῑῗρΜΖ

282 1073 310 1100 p.
334 1066 370 1092 10
393 1064 507 1092 incuria
528 1063 726 1091 librariorum.

281 1112 310 1139 p.
335 1104 369 1131 11
392 1102 597 1130 imminentem
618 1117 656 1121 —
677 1102 798 1130 exitum.

279 1150 308 1178 p.
330 1143 366 1169 14
388 1141 413 1169 si
436 1149 482 1169 me
504 1149 570 1169 mea
592 1148 661 1177 spes
682 1139 831 1169 fefellerit.

490 1191 513 1219 S
520 1192 573 1219 ΓΝ
577 1191 731 1220 ONYMA.

144 1230 227 1259 Part.
249 1231 263 1259 1
284 1240 312 1268 p.
327 1230 377 1261 15b
396 1231 433 1259 D.
455 1231 483 1259 7.
506 1229 586 1258 fama
608 1232 639 1258 et
660 1230 726 1258 laus
747 1231 794 1258 Pl.
816 1231 852 1258 E.
875 1233 902 1267 5,
926 1231 962 1258 14
983 1229 1002 1259 f.

203 1270 240 1298 D.
266 1272 300 1299 18
323 1270 403 1298 fama
425 1268 592 1305 gloriaque,
616 1269 663 1296 Pl.
683 1269 718 1296 E.
734 1269 917 1307 4,129lorz'cz
930 1270 1085 1308 famaque.

142 1316 171 1344 p.
188 1309 238 1336 16¹³
253 1309 289 1337 D.
298 1310 315 1337 5
325 1311 436 1336 metum
444 1310 474 1335 et
484 1310 636 1335 terrorem.
648 1307 696 1335 Pl.
704 1308 738 1335 P.
749 1309 794 1345 12,
804 1309 840 1336 66
847 1313 942 1336 terror
953 1313 979 1336 et
990 1314 1085 1338 metus.

206 1346 264 1376 Cic.
287 1348 398 1375 Lucan.
419 1356 538 1374 nemora
560 1351 586 1373 et
605 1346 705 1375 silvae.

142 1394 172 1423 p.
195 1385 246 1415 16b
261 1386 297 1414 D.
319 1387 356 1415 3ss
379 1385 463 1421 quies
486 1387 515 1412 et.
534 1385 626 1412 otium
648 1384 694 1411 Pl.
706 1385 742 1413 E.
755 1386 812 1421 8‚9
834 1385 905 1422 quid
921 1386 958 1414 sit
969 1396 1005 1423 o.,
1017 1386 1088 1424 quid

261 1424 350 1462 quies.
373 1425 420 1451 Pl.
442 1424 478 1453 P.
501 1424 537 1451 79
560 1433 585 1451 o.
608 1428 639 1451 et.
653 1424 753 1460 quiete.

200 1463 237 1491 D.
260 1464 295 1492 13
315 1462 409 1491 sollio.
432 1464 462 1490 et
483 1461 570 1489 curis.
593 1462 639 1489 Pl.
651 1462 686 1489 P.
709 1464 755 1490 41.
778 1462 812 1491 E.
837 1465 864 1499 5,
887 1463 904 1490 6
926 1473 998 1491 cura
1017 1469 1043 1492 ec
1062 1475 1084 1492 s.

263 1501 360 1532 Quint.
382 1502 436 1529 sol.
458 1505 484 1527 et
504 1510 528 1529 e.

201 1539 238 1568 D.
262 1541 301 1568 30
321 1541 367 1568 vis
390 1542 419 1567 et
439 1538 496 1566 fac.
521 1538 616 1570 Quint.
639 1539 681 1567 ris
704 1549 739 1567 ac
751 1540 896 1573 facultas.
939 1540 973 1569 A.
996 1542 1024 1577 2,
1045 1543 1082 1571 60

260 1578 291 1606 vi
311 1577 490 1606 Parthorum
511 1580 564 1605 aut
583 1578 718 1614 potentia
739 1578 882 1607 Romana.

207 1616 264 1645 Cic.
287 1617 333 1645 Pl.
355 1616 391 1644 E.
412 1617 440 1652 2,
463 1617 478 1644 7
501 1616 530 1643 vi
552 1618 582 1644 et
602 1617 701 1644 armis.

144 1664 173 1693 p.
195 1657 246 1684 17¹¹
260 1655 296 1684 D.
318 1657 355 1684 25
377 1654 478 1683 iudicii
499 1663 535 1683 ac
556 1655 722 1683 voluntatis
743 1655 789 1684 Pl.
811 1655 846 1684 E.
867 1653 898 1690 1,
913 1652 963 1684 20
986 1657 1085 1685 variae

262 1699 328 1722 sunt
346 1694 488 1721 hominum
510 1693 625 1727 iudicia,
648 1694 749 1721 variae
772 1695 939 1723 voluntates.
979 1695 1025 1723 Pl.
1048 1696 1083 1723 P.

265 1730 286 1759 5
310 1732 442 1760 iudicium
466 1737 491 1760 et
502 1732 608 1766 favor.

144 1780 174 1808 p.
188 1770 238 1799 l'l'b
253 1771 289 1799 D.
313 1773 348 1800 10
370 1771 461 1807 quiet.
483 1773 513 1799 et
527 1778 621 1798 secur.
643 1770 691 1799 Pl.
706 1771 741 1799 E.
753 1769 786 1805 6,
799 1767 824 1799 8
834 1772 923 1808 quies,
936 1773 1084 1801 securitas.

202 1810 240 1838 D.
261 1811 299 1838 28
321 1809 420 1837 studia
443 1817 591 1844 curasque
613 1824 649 1829 —-
671 1810 870 1838 remissiones.
896 1810 951 1842 Qu.
973 1821 1045 1839 cura
1060 1817 1085 1840 et

260 1848 364 1876 studio.
386 1848 432 1875 Pl.
447 1847 481 1876 E.
495 1844 528 1883 2,
546 1845 584 1874 11
602 1852 711 1876 tanlam
721 1849 855 1883 studium,
872 1854 981 1877 tantam
1001 1850 1085 1878 eliam

263 1897 362 1914 curam
384 1886 515 1919 (nimium
537 1890 578 1913 est
587 1886 659 1914 enim
671 1887 765 1915 dicere
774 1888 1016 1926 sollicitudinem).
1039 1889 1084 1917 Pl.

264 1926 301 1953 Ε.
319 1921 352 1959 8,
367 1922 416 1953 23
440 1924 534 1952 omnia
550 1924 618 1951 milli
634 1926 741 1960 studia,
762 1936 857 1954 omnes
873 1936 969 1962 curas,
993 1928 1089 1955 omnia

264 1968 455 1992 avocamenta
476 1962 580 1999 eripuit
600 1964 694 1992 dolor.

146 2011 175 2040 p.
188 2004 239 2032 17⁹
254 2003 290 2031 D.
312 2004 329 2031 8
351 2002 478 2030 clariora
500 2004 530 2029 et
550 2001 721 2031 inlustriora
743 2003 889 2040 exempla.

205 2041 241 2070 D.
259 2043 307 2077 24,
329 2040 509 2084 3100111030
530 2048 567 2067 ac
588 2041 678 2070 varie.
700 2042 747 2069 Pl.
770 2042 807 2069 E.
829 2041 860 2076 1,
883 2039 931 2070 10
952 2043 1086 2080 copiosus

264 2085 291 2108 et
314 2090 424 2107 varlas.

206 2118 243 2147 D.
264 2120 302 2147 23
324 2118 431 2146 fortem
454 2121 484 2147 et
511 2119 622 2147 laetum
653 2120 683 2146 et
709 2120 839 2147 alacrem
870 2120 948 2149 volo.
986 2121 1030 2149 Pl.
1052 2121 1086 2150 E.

265 2158 293 2194 4,
316 2159 331 2185 1
355 2156 372 2184 f.
385 2157 485 2191 fortes
507 2173 544 2177 -—-
565 2158 674 2185 hilares
696 2159 742 2194 10,
770 2160 785 2186 1
807 2157 826 2186 f.
847 2159 961 2193 ,fortem
992 2163 1019 2187 et
1039 2160 1088 2187 hil.

149 2204 178 2233 p.
201 2194 252 2224 17¹²
266 2195 303 2225 D.
325 2197 343 2224 8
365 2195 515 2224 sordidius
543 2198 572 2224 et
601 2195 749 2224 abiectius
770 2197 807 2225 35
835 2196 945 2225 humile
966 2198 1014 2226 vel
1035 2198 1087 2226 ab·

266 2234 384 2299 iebctum.
429 2234 484 2265 Qu.
522 2234 640 2262 humiles
672 2234 870 2272 abiectosque:
910 2236 1032 2264 sordida
1062 2242 1088 2265 et

265 2282 284 2300 α
303 2277 384 2300 tecla.

210 2311 246 2339 D.
270 2312 306 2339 19
326 2311 481 2347 imperitus
503 2314 533 2340 et
554 2311 645 2340 rudis.
667 2311 714 2341 Pl.
731 2312 766 2340 E.
778 2308 812 2345 8,
825 2310 873 2340 14
891 2314 972 2341 rudis
984 2319 1009 2342 el
1019 2314 1086 2350 imp.

209 2350 246 2378 D.
268 2350 307 2377 23
327 2349 437 2377 laetum
449 2352 479 2378 et
488 2351 628 2379 alacrem.
653 2350 710 2381 Qu.
722 2347 755 2386 2,
766 2348 799 2387 9,
812 2348 835 2378 2
847 2352 917 2379 laeti
927 2357 952 2380 et
964 2354 1087 2381 alacres.

210 2388 247 2416 D.
271 2389 307 2431 13
328 2387 462 2431 inquieta
483 2391 513 2418 et
533 2389 633 2418 anxia.
675 2389 722 2417 Pl.
750 2389 785 2417 E.
807 2386 841 2427 2,
863 2388 886 2417 9
915 2391 1034 2419 auscium
1063 2396 1089 2419 et

210 2465 248 2495 D.
266 2430 427 2493 Ξῑὲἥιῑῗὲἶῖἷ
442 2467 472 2493 et
489 2466 587 2494 soluti.
611 2466 682 2494 san.
703 2465 734 2494 C.
757 2464 780 2493 6
802 2468 819 2495 z.
842 2471 928 2504 atque
947 2478 969 2496 s.
991 2468 1037 2496 Pl.
1054 2468 1089 2496 E.

269 2500 304 2537 2,
325 2500 369 2530 11
395 2503 515 2532 liberam
536 2506 724 2542 solutamque.
746 2505 783 2534 P.
805 2501 856 2533 80
878 2506 949 2534 liber
969 2507 1091 2535 solutus-

270 2552 332 2579 que.
354 2541 390 2569 E.
414 2538 447 2578 8,
470 2540 514 2570 17
535 2545 629 2571 solnta
651 2549 677 2571 et
698 2544 797 2572 libera.

1200 1023 1237 1052 D.
1260 1024 1296 1052 32
1318 1031 1444 1059 magnas
1467 1025 1496 1051 et
1518 1031 1628 1059 graves
1650 1031 1674 1050 0.
1697 1021 1777 1058 Ε.1,
1790 1020 1836 1049 19
1850 1031 1971 1060 magnae
1985 1026 2047 1059 ely.
2061 1031 2083 1051 c.

1201 1063 1238 1090 D.
1261 1063 1297 1091 37
1306 1063 1448 1090 maior—
1459 1064 1487 1089 et
1499 1061 1605 1089 acrior.
1627 1062 1672 1089 Pl.
1683 1061 1719 1089 E.
1732 1059 1763 1094 1,
1779 1058 1829 1088 22
1841 1062 2084 1098 acrimaynoque.

1142 1110 1171 1138 p.
1194 1102 1230 1131 18
1258 1101 1295 1129 D.
1317 1102 1334 1129 9
1355 1099 1473 1136 pulchri
1486 1102 1515 1128 et
1531 1099 1652 1128 iucundi
1675 1099 1814 1137 (versus).
1836 1100 1912 1128 Plz'n.
1933 1100 1968 1126 E.
1983 1097 2012 1133 7,
2034 1096 2084 1126 20

1261 1150 1277 1168 o
1299 1140 1446 1172 iucundas,
1470 1149 1486 1166 o
1504 1139 1646 1175 pulchras
1668 1138 1752 1167 vices.
1782 1138 1828 1166 Pl.
1850 1139 1886 1167 E.
1909 1135 1943 1172 2,
1964 1135 1988 1166 3
2003 1139 2084 1166 nulla

1261 1183 1303 1206 est
1324 1177 1483 1211 iucundior,
1505 1178 1585 1205 nulla
1603 1177 1764 1213 pulchrior.

1201 1217 1238 1246 D.
1259 1218 1298 1246 20
1318 1216 1471 1253 pulchrior
1492 1218 1522 1244 et
1543 1215 1684 1244 ornatior.
1708 1217 1744 1244 13
1764 1215 1886 1251 politior
1897 1218 1928 1244 et
1939 1215 2081 1244 ornatior.

1260 1255 1307 1283 Pl.
1328 1255 1363 1283 E.
1386 1253 1418 1289 1,
1440 1252 1488 1282 16
1505 1254 1596 1291 polito
1618 1259 1645 1282 et
1667 1259 1774 1282 ornate.

1201 1294 1237 1323 D.
1258 1296 1296 1323 29
1317 1293 1412 1322 teneri
1434 1295 1464 1321 et
1484 1293 1582 1321 rudes.
1607 1292 1662 1324 Qu.
1684 1297 1811 1321 teneram
1832 1296 1859 1321 et
1877 1294 1986 1320 rudem.

1200 1334 1236 1362 D.
1260 1334 1296 1361 15
1317 1335 1421 1360 vetera
1443 1334 1473 1360 et
1493 1332 1625 1368 antiqua.
1655 1333 1690 1360 16
1712 1334 1845 1359 veterem
1867 1333 1896 1359 ct
1917 1340 1943 1360 a.
1975 1332 2010 1359 17
2032 1338 2083 1358 1111-

1259 1371 1367 1407 tiquos.
1381 1379 1417 1398 ac
1438 1379 1466 1398 V.
1498 1371 1544 1398 PI.
1566 1370 1601 1398 E.
1624 1367 1657 1403 3,
1679 1369 1703 1398 6
1726 1375 1802 1397 vetus
1825 1374 1850 1397 el
1870 1370 2027 1407 anlz'quum.
2048 1369 2083 1397 P.

1258 1408 1301 1437 11
1328 1414 1436 1438 veteres
1457 1414 1483 1437 el
1504 1409 1645 1445 antz'qchS.

1345 1465 1632 1499 ALLITERATIO,
1654 1474 1681 1501 p.
1706 1466 1749 1493 19.
1772 1466 1809 1493 23
1831 1473 1875 1501 sq.

1591 1516 1624 1535 a.

1140 1547 1178 1577 D.
1199 1547 1236 1575 23
1257 1555 1362 1583 parum
1385 1549 1431 1575 est
1452 1554 1576 1582 aegrum
1601 1554 1661 1573 non
1692 1553 1758 1573 esse
1780 1560 1816 1564 —
1847 1545 1978 1573 alacrem
2000 1544 2081 1572 volo.

1140 1585 1196 1622 Ag.
1220 1586 1256 1614 35
1278 1585 1309 1613 111
1329 1593 1426 1622 aequo
1449 1600 1485 1604 —
1507 1593 1560 1620 per
1581 1584 1708 1612 adclive.

1139 1624 1174 1652 A.
1198 1624 1244 1660 16,
1266 1625 1285 1652 4
1305 1631 1434 1660 aequum
1455 1623 1615 1651 adversum
1636 1622 1779 1650 aemulos.

1139 1662 1174 1691 A.
1197 1663 1225 1699 4,
1248 1664 1283 1691 15
1305 1663 1387 1690 11111111
1408 1661 1534 1698 adspici,
1558 1661 1639 1689 illum
1661 1660 1768 1690 audiri.

1142 1700 1177 1730 G.
1200 1702 1237 1729 45
1259 1701 1356 1729 audiri
1379 1716 1413 1719 —
1437 1702 1468 1728 et
1488 1715 1525 1719 —
1546 1699 1650 1735 aspici.

1141 1740 1177 1768 G.
1199 1741 1237 1768 26
1258 1748 1331 1768 arva
1353 1748 1406 1775 per
1426 1746 1521 1766 annos
1542 1739 1669 1767 mutant.

1140 1778 1175 1807 G.
1197 1780 1215 1806 5
1237 1780 1394 1815 argentum
1425 1780 1455 1805 et
1475 1785 1579 1804 aurum
1601 1792 1638 1796 —
1659 1784 1723 1811 arg.
1745 1782 1889 1803 aurumve
1910 1789 1946 1793 ——
1977 1781 2081 1802 aurum

1219 1819 1249 1845 ct
1269 1825 1334 1852 arg.
1356 1817 1414 1852 Ag.
1436 1817 1473 1845 32
1495 1815 1559 1844 auri
1581 1814 1680 1851 fulgor
1701 1816 1793 1851 atque
1815 1812 1944 1849 argenti.

1591 1877 1624 1896 e.

1140 1909 1177 1937 D.
1202 1910 1236 1938 12
1259 1911 1344 1937 casta
1365 1910 1394 1936 ct
1415 1916 1441 1935 11.
1466 1909 1606 1935 cont-acta
1626 1915 1654 1934 v.
1676 1907 1809 1942 pectora.

1141 1948 1176 1976 A.
1199 1950 1224 1983 l,
1246 1949 1284 1976 70
1304 1946 1378 1975 nihil
1400 1962 1436 1966 —
1458 1946 1584 1974 consilia
1606 1954 1624 1973 a
1646 1953 1717 1973 casu
1739 1944 1870 1973 differre.

1141 1986 1179 2016 H.
1205 1988 1230 2022 l,
1251 1987 1289 2014 42
1312 1985 1450 2014 conscius
1471 1984 1593 2013 sceleris
1614 1984 1697 2012 cuius
1718 1991 1810 2010 causa
1831 1984 1905 2010 erat.

1141 2025 1198 2061 Ag.
1210 2026 1227 2053 6
1238 2024 1437 2060 vixeruntque
1450 2023 1524 2051 mira
1536 2022 1696 2051 concordia
1708 2030 1761 2058 per
1772 2023 1904 2049 mutuam
1913 2019 2080 2048 caritatem.

1141 2063 1176 2092 A.
1202 2065 1247 2100 12,
1270 2064 1306 2091 47
1329 2065 1453 2091 catenae
1475 2070 1510 2090 ac
1532 2060 1684 2097 compede.

1142 2102 1179 2132 A.
1205 2103 1249 2138 14,
1273 2103 1307 2130 11
1330 2101 1349 2130 f.
1371 2101 1509 2129 cohortes
1530 2102 1560 2128 et
1581 2100 1702 2127 classes.

1141 2141 1178 2169 A.
1202 2141 1248 2177 13,
1271 2141 1306 2169 15
1328 2140 1440 2168 crimen
1460 2155 1497 2159 —-
1519 2138 1650 2167 caedem.

1142 2179 1178 2208 H.
1201 2181 1228 2215 1,
1248 2180 1285 2207 47
1306 2177 1431 2206 concedi
1452 2186 1578 2214 corpora
1605 2177 1776 2212 sepulturae
1799 2173 1992 2210 cremarique.

1142 2217 1179 2248 A.
1204 2218 1249 2253 14,
1271 2218 1289 2245 9
1310 2219 1455 2253 congesta
1476 2218 1528 2244 aut
1550 2216 1652 2243 clausa
1674 2215 1788 2242 humus.

1142 2256 1178 2284 A.
1199 2257 1228 2292 4,
1250 2258 1267 2284 2
1289 2255 1308 2284 f.
1330 2255 1497 2283 celebraret
1519 2254 1636 2290 colique
1658 2269 1695 2272 ——
1716 2252 1834 2281 sineret.

1597 2309 1626 2336 f.

1143 2352 1178 2380 A.
1204 2355 1229 2389 1,
1251 2352 1269 2380 6
1289 2350 1359 2379 falsi
1380 2360 1416 2379 ac
1436 2349 1624 2379 festinantes.
1907 2384 1912 2389 ¹
2031 2382 2037 2388 θ

1145 2390 1184 2419 Η.
1205 2392 1233 2427 4,
1255 2391 1292 2419 23
1313 2389 1333 2420 f.
1356 2389 1437 2418 fluxa
1460 2388 1649 2418 servitiorum
1672 2386 1747 2415 fides
1771 2395 1807 2414 ac
1824 2384 1948 2412 fortuita
1968 2383 2049 2412 belh.

1147 2429 1183 2457 H.
1207 2431 1236 2465 1,
1256 2430 1273 2457 3
1290 2428 1443 2456 fulminum
1464 2427 1594 2455 monitus
1616 2429 1646 2454 et
1666 2426 1831 2453 futurorum
1852 2422 2021 2460 praesagia.

1146 2468 1181 2496 A.
1202 2469 1231 2504 4,
1253 2468 1289 2496 63
1311 2467 1336 2495 si
1358 2466 1508 2495 confusior
1529 2465 1631 2501 facies,
1656 2464 1709 2492 sed
1730 2472 1784 2499 par
1806 2462 1900 2491 forma
1919 2464 1971 2490 aut
1991 2462 2086 2489 aetas.

1146 2506 1181 2535 A.
1204 2508 1231 2543 6,
1254 2507 1289 2534 32
1311 2505 1469 2533 formidine
1491 2504 1526 2532 G.
1554 2503 1702 2539 Caesaris,
1734 2501 1939 2530 familiaritate
1969 2498 2087 2529 Claudii

1225 2547 1312 2581 turpe
1334 2544 1363 2572 in
1385 2543 1537 2572 servitium
1560 2544 1702 2572 mutatus.
